ticker,created_time,price,count,taker_side,trade_id
KXALEAGUEGAME-25NOV08VICMEL-MEL,2025-11-08T10:37:41.495444Z,0.99,193,no,91fa2eb4-5797-4e18-4c83-2d329d709be2
KXALEAGUEGAME-25NOV08VICMEL-MEL,2025-11-08T10:37:03.842551Z,0.99,147,no,d64559ae-bed3-4e68-d932-067f730208f2
KXALEAGUEGAME-25NOV08VICMEL-MEL,2025-11-08T10:34:20.706095Z,0.99,3,no,64c829e2-b113-4bbc-ea32-6f08f2ff77b2
KXALEAGUEGAME-25NOV08VICMEL-MEL,2025-11-08T10:32:33.451471Z,0.98,11,no,a46c55d6-4329-7f49-9170-391a8bcf8c5e
KXALEAGUEGAME-25NOV08VICMEL-MEL,2025-11-08T10:31:19.402737Z,0.99,26,yes,7087fd6c-aab1-6c4c-0ddb-0ea600ed879f
KXALEAGUEGAME-25NOV08VICMEL-MEL,2025-11-08T10:31:19.402737Z,0.99,107,yes,31752082-fe1b-65fa-0d5c-f1768f7765d9
KXALEAGUEGAME-25NOV08VICMEL-MEL,2025-11-08T10:30:41.02062Z,0.99,414,yes,c7863749-c23d-48c2-a887-3043ea296b56
KXALEAGUEGAME-25NOV08VICMEL-MEL,2025-11-08T10:30:41.02062Z,0.99,82,yes,08b0679e-db23-4474-a58b-883e4515390c
KXALEAGUEGAME-25NOV08VICMEL-MEL,2025-11-08T10:30:37.413691Z,0.99,100,yes,34de3ab6-28fd-4f22-eb16-bc83ebe0a90e
KXALEAGUEGAME-25NOV08VICMEL-MEL,2025-11-08T10:30:29.273519Z,0.99,1,yes,83642ec8-700d-721e-8c95-4c39f6f02972
KXALEAGUEGAME-25NOV08VICMEL-MEL,2025-11-08T10:30:13.472504Z,0.99,841,yes,2e49e85a-f94d-4d8a-c722-f48f236b2c36
KXALEAGUEGAME-25NOV08VICMEL-MEL,2025-11-08T10:27:54.948561Z,0.94,107,no,71835e57-dd9a-766b-d077-e69dd2573b2b
KXALEAGUEGAME-25NOV08VICMEL-MEL,2025-11-08T10:27:49.068733Z,0.95,52,no,c5c4a65c-0847-4011-1109-2c8a88c98386
KXALEAGUEGAME-25NOV08VICMEL-MEL,2025-11-08T10:27:46.493953Z,0.99,61,yes,e38383ec-039d-7183-f062-021d249b8d04
KXALEAGUEGAME-25NOV08VICMEL-MEL,2025-11-08T10:27:46.493953Z,0.99,39,yes,3b69eadd-4d21-7b1a-e45a-ddaf806fbe42
KXALEAGUEGAME-25NOV08VICMEL-MEL,2025-11-08T10:27:42.831337Z,0.99,3,yes,e26c73e7-9659-65eb-1993-ed22872938cc
KXALEAGUEGAME-25NOV08VICMEL-MEL,2025-11-08T10:27:14.780117Z,0.99,500,yes,b374b6c2-ab0c-7925-878b-0570f8078dd9
KXALEAGUEGAME-25NOV08VICMEL-MEL,2025-11-08T10:27:14.780117Z,0.99,636,yes,8208a29f-5b95-78ab-b5d9-ce46e3c9d98c
KXALEAGUEGAME-25NOV08VICMEL-MEL,2025-11-08T10:27:14.780117Z,0.99,650,yes,54a70936-a490-7392-a9f2-a54123d53240
KXALEAGUEGAME-25NOV08VICMEL-MEL,2025-11-08T10:26:56.918286Z,0.99,350,yes,b4a4e3d0-8f30-4472-7404-ec263f4c43c4
KXALEAGUEGAME-25NOV08VICMEL-MEL,2025-11-08T10:23:59.720276Z,0.98,14,yes,df049a98-3c74-4cec-e5d9-10fa008a5b7f
KXALEAGUEGAME-25NOV08VICMEL-MEL,2025-11-08T10:23:59.720276Z,0.98,42,yes,a942176b-876c-402e-fe50-0566eb3f2ec5
KXALEAGUEGAME-25NOV08VICMEL-MEL,2025-11-08T10:23:47.439676Z,0.98,14,yes,2f00b9f0-4e14-5c1a-a493-23addf3e4a8d
KXALEAGUEGAME-25NOV08VICMEL-MEL,2025-11-08T10:22:57.450899Z,0.98,14,yes,10143574-5078-571e-3bee-03ef115becf5
KXALEAGUEGAME-25NOV08VICMEL-MEL,2025-11-08T10:22:40.21391Z,0.98,5,yes,c44204b6-31cc-49e6-adb4-b108cc5e6949
KXALEAGUEGAME-25NOV08VICMEL-MEL,2025-11-08T10:22:05.699887Z,0.95,46,no,e92a1c9e-f3ff-730d-a402-c3b37d5b7db2
KXALEAGUEGAME-25NOV08VICMEL-MEL,2025-11-08T10:21:24.488283Z,0.98,5,yes,7b8795b9-5098-6f32-d061-84000a6542b9
KXALEAGUEGAME-25NOV08VICMEL-MEL,2025-11-08T10:21:13.763745Z,0.98,10,yes,3d9c506a-1000-4a76-c35b-6d57c8f9f379
KXALEAGUEGAME-25NOV08VICMEL-MEL,2025-11-08T10:21:06.803721Z,0.97,461,yes,ed6de48a-dc3a-6378-6e5c-88c157bad766
KXALEAGUEGAME-25NOV08VICMEL-MEL,2025-11-08T10:21:06.803721Z,0.98,110,yes,b748395f-9a04-6e3e-452d-d59836b8a3d1
KXALEAGUEGAME-25NOV08VICMEL-MEL,2025-11-08T10:20:07.312857Z,0.97,4,yes,a1a557b6-e662-5164-fca6-a0d509ecc0e6
KXALEAGUEGAME-25NOV08VICMEL-MEL,2025-11-08T10:20:03.216333Z,0.97,1,yes,4388a571-f96e-5018-da10-550b1e6e5b7a
KXALEAGUEGAME-25NOV08VICMEL-MEL,2025-11-08T10:18:58.298092Z,0.97,1,yes,8c18f32f-64aa-7e8c-6fbd-9df399301c6e
KXALEAGUEGAME-25NOV08VICMEL-MEL,2025-11-08T10:18:57.258179Z,0.95,2,no,f7e9c20b-60eb-4ded-9dd1-e704651df032
KXALEAGUEGAME-25NOV08VICMEL-MEL,2025-11-08T10:18:57.258179Z,0.95,25,no,c46f0215-cc57-457b-968e-b541b33aca90
KXALEAGUEGAME-25NOV08VICMEL-MEL,2025-11-08T10:18:36.757948Z,0.97,1,yes,409f077a-599e-578c-8c11-79975506a9e6
KXALEAGUEGAME-25NOV08VICMEL-MEL,2025-11-08T10:17:20.841651Z,0.97,72,yes,acdb5d7a-cd42-6d90-6b77-94893b783756
KXALEAGUEGAME-25NOV08VICMEL-MEL,2025-11-08T10:16:08.895828Z,0.97,3,yes,970ceffe-a496-4f44-5de4-ba0b9cf93966
KXALEAGUEGAME-25NOV08VICMEL-MEL,2025-11-08T10:14:52.976436Z,0.97,1,yes,58c44ad0-5aba-768c-f9f9-598f802c7f8e
KXALEAGUEGAME-25NOV08VICMEL-MEL,2025-11-08T10:12:23.179719Z,0.97,200,yes,c54fb830-0316-50bc-b51e-96c88c5495d6
KXALEAGUEGAME-25NOV08VICMEL-MEL,2025-11-08T10:08:51.405346Z,0.97,142,yes,14a02221-7032-5804-0855-135ea5a6a1f2
KXALEAGUEGAME-25NOV08VICMEL-MEL,2025-11-08T10:08:35.77943Z,0.95,25,no,92529508-4557-56c7-895e-140ab98d2edc
KXALEAGUEGAME-25NOV08VICMEL-MEL,2025-11-08T10:08:18.789119Z,0.97,28,yes,0d43fa3c-8faa-67b4-9812-14297c62126a
KXALEAGUEGAME-25NOV08VICMEL-MEL,2025-11-08T10:08:07.348555Z,0.97,50,yes,88b4de46-021e-6660-952b-0bd321817f8a
KXALEAGUEGAME-25NOV08VICMEL-MEL,2025-11-08T10:08:00.437697Z,0.97,36,yes,9dc6db05-7c12-4654-0b82-711e7a0ec3e2
KXALEAGUEGAME-25NOV08VICMEL-MEL,2025-11-08T10:07:31.906282Z,0.94,74,no,f44a764b-5ec6-7e87-6800-acc986fc1f0f
KXALEAGUEGAME-25NOV08VICMEL-MEL,2025-11-08T10:07:18.070024Z,0.94,148,no,3524276e-be1e-7c7f-f652-95e5722f79d7
KXALEAGUEGAME-25NOV08VICMEL-MEL,2025-11-08T10:06:14.84349Z,0.95,293,yes,1701f417-1e97-6119-d7c1-ed2663cb448e
KXALEAGUEGAME-25NOV08VICMEL-MEL,2025-11-08T10:04:59.101242Z,0.94,1105,no,28542aa8-fa96-4acb-72fc-5e18fd82358b
KXALEAGUEGAME-25NOV08VICMEL-MEL,2025-11-08T10:04:56.858618Z,0.94,24,no,410c48c2-882a-50e7-a29e-07742c790a67
KXALEAGUEGAME-25NOV08VICMEL-MEL,2025-11-08T10:04:45.855922Z,0.94,1,no,dbd1dcbc-7057-5326-e614-976361c4946a
KXALEAGUEGAME-25NOV08VICMEL-MEL,2025-11-08T10:04:45.855922Z,0.94,42,no,0e3fb90b-66aa-5147-fed9-cf6fa792849b
KXALEAGUEGAME-25NOV08VICMEL-MEL,2025-11-08T10:04:41.957844Z,0.95,1,yes,ff985225-d3bf-5dc5-1dfe-0528fe77761e
KXALEAGUEGAME-25NOV08VICMEL-MEL,2025-11-08T10:04:05.139185Z,0.95,52,yes,fb31e386-e01f-617d-b663-e2747823e74a
KXALEAGUEGAME-25NOV08VICMEL-MEL,2025-11-08T10:03:53.839173Z,0.95,52,yes,0c18a7ed-1e63-4519-d30a-effa333ffbf2
KXALEAGUEGAME-25NOV08VICMEL-MEL,2025-11-08T10:03:21.489251Z,0.93,71,no,25a418aa-10a0-5c9d-c012-0bb5ace6a2e8
KXALEAGUEGAME-25NOV08VICMEL-MEL,2025-11-08T10:03:17.21185Z,0.93,106,no,477ca02b-2040-4d31-d07f-6ca68f8f2794
KXALEAGUEGAME-25NOV08VICMEL-MEL,2025-11-08T10:02:49.123522Z,0.93,144,no,d5b6a9af-044d-5ab4-4e97-91287ed4f964
KXALEAGUEGAME-25NOV08VICMEL-MEL,2025-11-08T10:01:34.690225Z,0.94,91,yes,7723920e-d998-505e-6124-3752d76a8ebe
KXALEAGUEGAME-25NOV08VICMEL-MEL,2025-11-08T10:01:34.690225Z,0.94,14,yes,1014cd8b-260a-5602-4e47-c83ffb07ab29
KXALEAGUEGAME-25NOV08VICMEL-MEL,2025-11-08T10:00:42.608694Z,0.94,210,yes,e65dc2ae-2412-6aaa-a11d-d2541a463e8d
KXALEAGUEGAME-25NOV08VICMEL-MEL,2025-11-08T10:00:30.124879Z,0.94,8,yes,f1de9efe-2b22-7f72-57cd-48f1258d3099
KXALEAGUEGAME-25NOV08VICMEL-MEL,2025-11-08T10:00:01.229064Z,0.91,489,yes,cb1d7168-b7a4-55de-0b52-ca704f372fdd
KXALEAGUEGAME-25NOV08VICMEL-MEL,2025-11-08T10:00:01.229064Z,0.91,121,yes,c3427280-513a-5d67-3724-53ff9046da70
KXALEAGUEGAME-25NOV08VICMEL-MEL,2025-11-08T10:00:01.229064Z,0.94,235,yes,b47d1552-948a-5996-2c2d-72d262d75ae5
KXALEAGUEGAME-25NOV08VICMEL-MEL,2025-11-08T10:00:01.229064Z,0.93,246,yes,95ffb641-5cbd-528b-1b2d-879b04d0d330
KXALEAGUEGAME-25NOV08VICMEL-MEL,2025-11-08T10:00:01.229064Z,0.92,121,yes,828e42c9-6161-538b-0add-b065f7863ed4
KXALEAGUEGAME-25NOV08VICMEL-MEL,2025-11-08T09:59:58.857179Z,0.91,4,yes,30ff668d-dfbc-7326-a84e-f86e34a3d5f5
KXALEAGUEGAME-25NOV08VICMEL-MEL,2025-11-08T09:59:48.595717Z,0.91,12,yes,2779ec15-1a74-59be-c02e-e3a8c353d071
KXALEAGUEGAME-25NOV08VICMEL-MEL,2025-11-08T09:59:39.092408Z,0.91,12,yes,fe2626d2-76e8-5bb2-6880-f8a83f4e2475
KXALEAGUEGAME-25NOV08VICMEL-MEL,2025-11-08T09:59:20.075125Z,0.9,5,yes,75529e1c-71ec-41ac-37b6-c0ac55217363
KXALEAGUEGAME-25NOV08VICMEL-MEL,2025-11-08T09:59:06.112489Z,0.88,237,no,9fcb525b-4830-5ac3-f8b4-ca2471507b99
KXALEAGUEGAME-25NOV08VICMEL-MEL,2025-11-08T09:59:06.112489Z,0.88,85,no,9c162fd4-1696-56a8-c11c-39533a2deb24
KXALEAGUEGAME-25NOV08VICMEL-MEL,2025-11-08T09:58:38.119492Z,0.91,133,yes,1f4afdc4-98b0-614e-cac2-826935134f99
KXALEAGUEGAME-25NOV08VICMEL-MEL,2025-11-08T09:58:07.552526Z,0.88,15,no,7d273a01-c086-62a0-ba67-21d74e7a88a0
KXALEAGUEGAME-25NOV08VICMEL-MEL,2025-11-08T09:57:22.077215Z,0.94,157,yes,f09fedf0-ccda-5f76-1347-b2991f45c91d
KXALEAGUEGAME-25NOV08VICMEL-MEL,2025-11-08T09:57:18.623945Z,0.94,45,yes,752849b7-094e-47c2-0c6b-393638e7ab95
KXALEAGUEGAME-25NOV08VICMEL-MEL,2025-11-08T09:56:42.047907Z,0.92,189,yes,d70db112-663e-713f-9ea2-1e27317e2c80
KXALEAGUEGAME-25NOV08VICMEL-MEL,2025-11-08T09:56:38.027484Z,0.85,3,yes,c7cd4a40-1d06-441a-7f02-8b276520593e
KXALEAGUEGAME-25NOV08VICMEL-MEL,2025-11-08T09:56:38.027484Z,0.93,157,yes,92c9f70f-2433-42ac-6a76-76cc4d8ee6cf
KXALEAGUEGAME-25NOV08VICMEL-MEL,2025-11-08T09:56:38.027484Z,0.93,500,yes,9108c890-c322-4516-7ac2-4c2a6b636270
KXALEAGUEGAME-25NOV08VICMEL-MEL,2025-11-08T09:56:38.027484Z,0.81,431,yes,390382c2-bc7c-4995-7206-a9d054b2e8dd
KXALEAGUEGAME-25NOV08VICMEL-MEL,2025-11-08T09:56:30.439055Z,0.81,30,yes,5229a79b-dd18-6a25-7a8c-ff3fbc95e3f5
KXALEAGUEGAME-25NOV08VICMEL-MEL,2025-11-08T09:56:28.648622Z,0.81,134,yes,e603ca61-7478-4e99-b065-7f38a2035ac1
KXALEAGUEGAME-25NOV08VICMEL-MEL,2025-11-08T09:56:18.164219Z,0.81,155,yes,2c467869-dcb8-636d-b1b3-62d743d28b15
KXALEAGUEGAME-25NOV08VICMEL-MEL,2025-11-08T09:56:01.244209Z,0.77,12,yes,4ddb5190-3ff0-76b0-bfd2-1e5da0ebafa7
KXALEAGUEGAME-25NOV08VICMEL-MEL,2025-11-08T09:55:39.976413Z,0.68,287,yes,4b1c4c31-3072-5b3f-f87c-d4a91944ebff
KXALEAGUEGAME-25NOV08VICMEL-MEL,2025-11-08T09:55:39.345669Z,0.66,25,no,8e46876e-cfe2-790b-3ea8-64a5d5955594
KXALEAGUEGAME-25NOV08VICMEL-MEL,2025-11-08T09:55:09.719815Z,0.66,25,no,7554afb4-8d9a-4497-2aa4-ac42c2981530
KXALEAGUEGAME-25NOV08VICMEL-MEL,2025-11-08T09:54:48.39336Z,0.68,1,yes,4c7048ec-1744-569c-15be-f9197d486f17
KXALEAGUEGAME-25NOV08VICMEL-MEL,2025-11-08T09:54:41.300475Z,0.66,25,no,53677f7a-e812-5c2b-e7fe-569d963a5e44
KXALEAGUEGAME-25NOV08VICMEL-MEL,2025-11-08T09:54:38.716647Z,0.66,25,no,a8e1dc6a-9606-5a63-76cd-e760c9fbe980
KXALEAGUEGAME-25NOV08VICMEL-MEL,2025-11-08T09:52:41.479956Z,0.65,25,no,6afca214-2be4-63be-4f1c-ec535f40abe7
KXALEAGUEGAME-25NOV08VICMEL-MEL,2025-11-08T09:51:52.281542Z,0.65,25,no,4611809a-353c-64e2-c50a-bc6bd2fbc7fb
KXALEAGUEGAME-25NOV08VICMEL-MEL,2025-11-08T09:51:43.068555Z,0.65,25,no,625dc3ca-223c-414a-ff56-da6fd5759f8f
KXALEAGUEGAME-25NOV08VICMEL-MEL,2025-11-08T09:51:33.033186Z,0.66,25,no,76229d8f-3ff5-6692-9809-a5d223c55299
KXALEAGUEGAME-25NOV08VICMEL-MEL,2025-11-08T09:51:16.948208Z,0.68,24,yes,19219063-8647-5401-063a-2830a0fd2f6c
KXALEAGUEGAME-25NOV08VICMEL-MEL,2025-11-08T09:51:11.81783Z,0.68,14,yes,f432584b-6037-6db9-1de4-5a435a81d940
KXALEAGUEGAME-25NOV08VICMEL-MEL,2025-11-08T09:51:08.738641Z,0.68,71,yes,22eed381-1e63-4921-3a6d-3de6ee21beec
KXALEAGUEGAME-25NOV08VICMEL-MEL,2025-11-08T09:51:07.484698Z,0.66,25,no,c4e345f0-9835-630e-74ca-c946396fae55
KXALEAGUEGAME-25NOV08VICMEL-MEL,2025-11-08T09:50:59.12684Z,0.68,195,yes,5ab39303-2c6a-5abc-8ec6-b1dcd6ea4e60
KXALEAGUEGAME-25NOV08VICMEL-MEL,2025-11-08T09:50:46.865783Z,0.69,15,yes,76a60be0-9127-79a8-79ae-b06f35a8e62b
KXALEAGUEGAME-25NOV08VICMEL-MEL,2025-11-08T09:50:37.99431Z,0.66,25,no,eec8d289-cd71-634a-d02f-20a4cc2e26f5
KXALEAGUEGAME-25NOV08VICMEL-MEL,2025-11-08T09:50:06.410529Z,0.67,25,no,0a730493-0c2c-4833-56f3-91d270a688fd
KXALEAGUEGAME-25NOV08VICMEL-MEL,2025-11-08T09:50:04.900577Z,0.69,1,yes,535f0646-6a7f-7e14-006c-f04520752697
KXALEAGUEGAME-25NOV08VICMEL-MEL,2025-11-08T09:50:02.860178Z,0.69,1,yes,fa61bc45-946f-6288-f547-3c191d2e1a3f
KXALEAGUEGAME-25NOV08VICMEL-MEL,2025-11-08T09:49:58.952439Z,0.69,273,yes,b69ac8f1-5217-7278-5b3b-4774a496fce7
KXALEAGUEGAME-25NOV08VICMEL-MEL,2025-11-08T09:49:35.825521Z,0.69,42,yes,64f6a15f-1497-65e8-e78a-6db5a9d4498f
KXALEAGUEGAME-25NOV08VICMEL-MEL,2025-11-08T09:49:30.559986Z,0.69,7,yes,d832a99a-909f-69f8-4ec2-f013ab93a433
KXALEAGUEGAME-25NOV08VICMEL-MEL,2025-11-08T09:48:15.530446Z,0.68,2,yes,b5b5b465-d6d6-4a45-6e0b-7a26f10b0941
KXALEAGUEGAME-25NOV08VICMEL-MEL,2025-11-08T09:47:27.319383Z,0.68,101,yes,c2e09eec-438e-6469-3b22-49278aaecdfd
KXALEAGUEGAME-25NOV08VICMEL-MEL,2025-11-08T09:46:13.815824Z,0.68,71,yes,b4589c80-18e6-4595-1a9b-10f1b7057b15
KXALEAGUEGAME-25NOV08VICMEL-MEL,2025-11-08T09:46:08.595933Z,0.68,3,yes,a504be29-e7ea-7371-9835-10846938c91d
KXALEAGUEGAME-25NOV08VICMEL-MEL,2025-11-08T09:46:00.888331Z,0.65,25,no,10aa2180-2a58-767e-232d-eb33d6840f27
KXALEAGUEGAME-25NOV08VICMEL-MEL,2025-11-08T09:45:47.182866Z,0.67,71,yes,efee5e68-a5cf-51ef-f87f-978198e811c3
KXALEAGUEGAME-25NOV08VICMEL-MEL,2025-11-08T09:45:47.182866Z,0.67,429,yes,e5d16437-e00e-58f7-e7af-6c115bd24920
KXALEAGUEGAME-25NOV08VICMEL-MEL,2025-11-08T09:43:19.510613Z,0.65,63,no,3d86e5c6-8d4f-7a6e-010a-d2c6f1dd824e
KXALEAGUEGAME-25NOV08VICMEL-MEL,2025-11-08T09:43:14.511375Z,0.65,5,no,5465df93-ef13-6eda-8546-966c1f2170b6
KXALEAGUEGAME-25NOV08VICMEL-MEL,2025-11-08T09:43:11.14506Z,0.67,71,yes,4881cb6d-d4b6-5fff-f8fc-5e8569d42820
KXALEAGUEGAME-25NOV08VICMEL-MEL,2025-11-08T09:43:09.270137Z,0.65,67,no,46286f44-afbb-5476-6c5c-ac9f368b21be
KXALEAGUEGAME-25NOV08VICMEL-MEL,2025-11-08T09:43:03.760165Z,0.65,62,no,8703e8be-1343-7a16-3bd8-7a46366dbf4a
KXALEAGUEGAME-25NOV08VICMEL-MEL,2025-11-08T09:42:56.813965Z,0.65,58,no,70d5113f-8313-5132-2dc1-6c206bded1de
KXALEAGUEGAME-25NOV08VICMEL-MEL,2025-11-08T09:42:54.411619Z,0.65,25,no,47ed6d48-e43b-7a76-0915-5497837d365e
KXALEAGUEGAME-25NOV08VICMEL-MEL,2025-11-08T09:42:52.012175Z,0.65,5,no,9d493b0f-17e7-490a-14e3-4d52f8f606b2
KXALEAGUEGAME-25NOV08VICMEL-MEL,2025-11-08T09:42:47.55029Z,0.65,38,no,c8ecdd9a-25a3-4046-fce8-f840358663b6
KXALEAGUEGAME-25NOV08VICMEL-MEL,2025-11-08T09:42:41.874513Z,0.65,25,no,824cff1b-352b-5a6e-bdd9-73407aaa6a96
KXALEAGUEGAME-25NOV08VICMEL-MEL,2025-11-08T09:42:40.01644Z,0.65,63,no,2b52ab47-1a6f-5fe6-ec0f-116b61f65be2
KXALEAGUEGAME-25NOV08VICMEL-MEL,2025-11-08T09:42:33.358953Z,0.65,25,no,a94e7200-4d67-5172-1a16-a29f6e86f39a
KXALEAGUEGAME-25NOV08VICMEL-MEL,2025-11-08T09:42:33.009053Z,0.65,38,no,8e27f3bd-230e-4a34-5979-fc33b98f47c0
KXALEAGUEGAME-25NOV08VICMEL-MEL,2025-11-08T09:42:33.009053Z,0.65,25,no,5808460e-ecdf-47de-744d-2f86b8f9eb86
KXALEAGUEGAME-25NOV08VICMEL-MEL,2025-11-08T09:42:04.05158Z,0.67,7,yes,91e7b0d7-9bb5-7ec9-9b15-2b8c24db655d
KXALEAGUEGAME-25NOV08VICMEL-MEL,2025-11-08T09:42:04.05158Z,0.93,285,yes,8309d487-7809-7542-babf-1c8c75e839d8
KXALEAGUEGAME-25NOV08VICMEL-MEL,2025-11-08T09:42:04.05158Z,0.89,2,yes,74e1095b-97ea-7918-b5dc-0d0ce714daa3
KXALEAGUEGAME-25NOV08VICMEL-MEL,2025-11-08T09:42:04.05158Z,0.67,19,yes,50123fb4-3681-762e-9ede-da16a49a617b
KXALEAGUEGAME-25NOV08VICMEL-MEL,2025-11-08T09:42:04.05158Z,0.67,474,yes,3f7d81c0-8cb1-7cfc-b1a7-c06d04e9e13e
KXALEAGUEGAME-25NOV08VICMEL-MEL,2025-11-08T09:42:04.05158Z,0.94,131,yes,19bf9544-186a-7d42-ac19-719f6df15919
KXALEAGUEGAME-25NOV08VICMEL-MEL,2025-11-08T09:41:34.05726Z,0.67,7,yes,d1e9d0ab-d131-54a8-ecd1-913eae950c86
KXALEAGUEGAME-25NOV08VICMEL-MEL,2025-11-08T09:41:00.821835Z,0.67,19,yes,eee9facf-f231-7a58-5b98-da279af0fb4e
KXALEAGUEGAME-25NOV08VICMEL-MEL,2025-11-08T09:40:50.513295Z,0.66,147,yes,6bbea5f8-b7be-5c5f-05b8-6303f8113d1e
KXALEAGUEGAME-25NOV08VICMEL-MEL,2025-11-08T09:40:37.255134Z,0.67,93,yes,c60481c7-0d85-6629-2a4b-20fbb29a2eb0
KXALEAGUEGAME-25NOV08VICMEL-MEL,2025-11-08T09:39:56.270627Z,0.67,27,yes,bc338ec0-b7cd-490d-3fd6-255330f25944
KXALEAGUEGAME-25NOV08VICMEL-MEL,2025-11-08T09:39:30.283723Z,0.65,25,no,2097272d-9ace-4e10-b8dc-a8ac2efc7770
KXALEAGUEGAME-25NOV08VICMEL-MEL,2025-11-08T09:39:26.88568Z,0.65,63,no,eb2920e2-52b2-6644-7c6c-f3ef8d9ca7b4
KXALEAGUEGAME-25NOV08VICMEL-MEL,2025-11-08T09:37:43.573326Z,0.65,74,no,0ee8ccb7-409e-40ec-b136-e9b3ebd1e2b4
KXALEAGUEGAME-25NOV08VICMEL-MEL,2025-11-08T09:37:19.368746Z,0.66,25,yes,c3e15aac-d024-572a-bc1b-6fc2c8c481e1
KXALEAGUEGAME-25NOV08VICMEL-MEL,2025-11-08T09:37:19.368746Z,0.68,40,yes,49fba160-4826-52f4-9468-9108a4d88f7f
KXALEAGUEGAME-25NOV08VICMEL-MEL,2025-11-08T09:37:08.137438Z,0.66,25,no,5ded8d95-6d5b-6e90-16bc-5b480aee4771
KXALEAGUEGAME-25NOV08VICMEL-MEL,2025-11-08T09:37:06.425857Z,0.68,35,yes,7f73a4da-eb86-5204-f4a9-a780d980cb13
KXALEAGUEGAME-25NOV08VICMEL-MEL,2025-11-08T09:37:06.093542Z,0.66,75,no,75b5c655-ce67-56c4-0d8e-1f77bf3666f1
KXALEAGUEGAME-25NOV08VICMEL-MEL,2025-11-08T09:37:05.278375Z,0.66,25,no,3fda52bb-43c3-7ff2-9d5f-040b69abbf0f
KXALEAGUEGAME-25NOV08VICMEL-MEL,2025-11-08T09:37:02.640671Z,0.66,25,no,5356c794-5767-75e6-7494-79920c969e63
KXALEAGUEGAME-25NOV08VICMEL-MEL,2025-11-08T09:37:01.200709Z,0.66,75,no,ca700d8d-c707-7832-c5ba-b00919fb5a8b
KXALEAGUEGAME-25NOV08VICMEL-MEL,2025-11-08T09:36:58.640602Z,0.66,25,no,f3efa872-d63f-608e-7ee4-959e0b915d57
KXALEAGUEGAME-25NOV08VICMEL-MEL,2025-11-08T09:36:56.159771Z,0.66,25,no,67f6093a-882b-4036-7e71-57a8fe9766ef
KXALEAGUEGAME-25NOV08VICMEL-MEL,2025-11-08T09:36:56.094638Z,0.66,75,no,b4080dc1-01bf-547e-e9be-f5efe19d916b
KXALEAGUEGAME-25NOV08VICMEL-MEL,2025-11-08T09:36:53.070834Z,0.66,25,no,00ad15cb-ef7f-477a-cd11-ec6cc12024e7
KXALEAGUEGAME-25NOV08VICMEL-MEL,2025-11-08T09:36:52.261927Z,0.69,6,yes,490fda9b-8de8-4113-2567-7d1d29f88e90
KXALEAGUEGAME-25NOV08VICMEL-MEL,2025-11-08T09:36:51.389157Z,0.66,75,no,09813739-0b57-7d5a-061d-450c8a479213
KXALEAGUEGAME-25NOV08VICMEL-MEL,2025-11-08T09:36:50.058102Z,0.66,25,no,b7fcb4a0-053f-6b56-f21a-c393a3c428f7
KXALEAGUEGAME-25NOV08VICMEL-MEL,2025-11-08T09:36:47.057433Z,0.66,25,no,635446ba-f7bf-7486-2538-4f8f98d91d8f
KXALEAGUEGAME-25NOV08VICMEL-MEL,2025-11-08T09:36:46.053986Z,0.66,75,no,b36da239-b433-6976-afbc-4ac6ed5a91af
KXALEAGUEGAME-25NOV08VICMEL-MEL,2025-11-08T09:36:41.556246Z,0.68,21,yes,d42b7524-3fcf-50a6-b43b-b2e9938c0bcc
KXALEAGUEGAME-25NOV08VICMEL-MEL,2025-11-08T09:36:41.556246Z,0.68,479,yes,2744cc70-0188-5f2f-a2f6-332ca904d5c0
KXALEAGUEGAME-25NOV08VICMEL-MEL,2025-11-08T09:36:05.700088Z,0.66,25,no,260ddb18-306a-5470-c264-2d7569c8420a
KXALEAGUEGAME-25NOV08VICMEL-MEL,2025-11-08T09:36:03.814543Z,0.66,60,no,cee9caa0-a34c-616d-f958-4347560aae91
KXALEAGUEGAME-25NOV08VICMEL-MEL,2025-11-08T09:36:03.814543Z,0.66,3,no,798371d8-711e-62f0-e64f-37e20d0f162e
KXALEAGUEGAME-25NOV08VICMEL-MEL,2025-11-08T09:35:57.098914Z,0.66,25,no,490b568a-9850-7b39-e18e-ecdc6b38da51
KXALEAGUEGAME-25NOV08VICMEL-MEL,2025-11-08T09:35:56.060661Z,0.66,63,no,8abb3490-6a4c-496d-1275-9533e14c5d39
KXALEAGUEGAME-25NOV08VICMEL-MEL,2025-11-08T09:35:52.264068Z,0.68,21,yes,7cbd4f60-a4b0-7147-ac4a-9f7d344e8cd4
KXALEAGUEGAME-25NOV08VICMEL-MEL,2025-11-08T09:35:51.373607Z,0.66,25,no,e444dca4-44f4-7015-32a6-627fdaba7c29
KXALEAGUEGAME-25NOV08VICMEL-MEL,2025-11-08T09:35:47.875967Z,0.66,63,no,126d10a3-77f0-45dd-808f-892a27f3f5b1
KXALEAGUEGAME-25NOV08VICMEL-MEL,2025-11-08T09:35:32.979675Z,0.66,25,no,10fdf37f-7888-7215-7828-67618b9eac09
KXALEAGUEGAME-25NOV08VICMEL-MEL,2025-11-08T09:35:31.291054Z,0.66,63,no,d9bb5e4b-3dfc-4779-37f0-3c421703baf1
KXALEAGUEGAME-25NOV08VICMEL-MEL,2025-11-08T09:35:24.131995Z,0.66,25,no,5cca0db3-9320-7bad-2891-9372aa136385
KXALEAGUEGAME-25NOV08VICMEL-MEL,2025-11-08T09:35:22.850114Z,0.66,63,no,044d27ea-0e6c-7371-4837-9f6f5fb85215
KXALEAGUEGAME-25NOV08VICMEL-MEL,2025-11-08T09:34:54.322734Z,0.66,25,no,9a477574-d3e4-7841-1082-b179039cf575
KXALEAGUEGAME-25NOV08VICMEL-MEL,2025-11-08T09:34:52.807399Z,0.66,63,no,6ba3f6d8-b418-6485-e4a4-c169835b21a9
KXALEAGUEGAME-25NOV08VICMEL-MEL,2025-11-08T09:34:45.966387Z,0.67,75,no,79effb52-8cd5-6464-0758-2013e5c413d6
KXALEAGUEGAME-25NOV08VICMEL-MEL,2025-11-08T09:34:42.048243Z,0.69,142,yes,89d8ae18-b8eb-5f47-9ff0-e7d6e31ad6b4
KXALEAGUEGAME-25NOV08VICMEL-MEL,2025-11-08T09:34:12.41954Z,0.68,23,yes,a2039aed-4855-7745-2919-095258c87df3
KXALEAGUEGAME-25NOV08VICMEL-MEL,2025-11-08T09:34:12.41954Z,0.68,43,yes,5a21afb7-d281-7748-2637-8328e3bcf9f1
KXALEAGUEGAME-25NOV08VICMEL-MEL,2025-11-08T09:34:12.41954Z,0.68,35,yes,50ffbd83-298a-7af4-3b8e-fcc20786aa52
KXALEAGUEGAME-25NOV08VICMEL-MEL,2025-11-08T09:34:12.41954Z,0.68,10,yes,4a8b26f1-f561-7d69-0530-e1bd381042e6
KXALEAGUEGAME-25NOV08VICMEL-MEL,2025-11-08T09:34:12.41954Z,0.68,139,yes,2476dc05-d0d6-70fb-1a36-33fb93b81bf2
KXALEAGUEGAME-25NOV08VICMEL-MEL,2025-11-08T09:33:35.436043Z,0.68,7,yes,5b00df5c-57a2-6c57-7b3f-468b26bdbd3a
KXALEAGUEGAME-25NOV08VICMEL-MEL,2025-11-08T09:31:50.107572Z,0.68,2,yes,b364491c-282e-4aff-6f2b-560d8265d856
KXALEAGUEGAME-25NOV08VICMEL-MEL,2025-11-08T09:31:41.844367Z,0.68,250,yes,66becbcf-fbde-6823-d2f7-6ff600815b96
KXALEAGUEGAME-25NOV08VICMEL-MEL,2025-11-08T09:31:40.665251Z,0.68,1,yes,76b0bd6c-bc02-53bb-9b2a-f368ff6d46ca
KXALEAGUEGAME-25NOV08VICMEL-MEL,2025-11-08T09:31:35.048966Z,0.68,43,yes,7d0a58cd-ff6e-462f-4f8f-1f8aa29049da
KXALEAGUEGAME-25NOV08VICMEL-MEL,2025-11-08T09:31:18.501981Z,0.68,35,yes,1bcd03b6-655a-6613-dc0e-3b911e082432
KXALEAGUEGAME-25NOV08VICMEL-MEL,2025-11-08T09:31:07.890601Z,0.68,23,yes,ced6371f-0b32-6297-904a-7ea3ab257b82
KXALEAGUEGAME-25NOV08VICMEL-MEL,2025-11-08T09:30:41.420452Z,0.67,25,yes,b697a70a-8058-5ddc-f661-c912673e31c8
KXALEAGUEGAME-25NOV08VICMEL-MEL,2025-11-08T09:30:21.85967Z,0.67,177,yes,6bf37de8-5988-6bd4-12e5-966ea0590450
KXALEAGUEGAME-25NOV08VICMEL-MEL,2025-11-08T09:30:13.353181Z,0.67,25,yes,23d77d03-f058-4a70-f0fe-03fd265b32c8
KXALEAGUEGAME-25NOV08VICMEL-MEL,2025-11-08T09:30:04.869679Z,0.66,177,yes,919124c6-e7b4-62a8-90b5-56fc90d9cebe
KXALEAGUEGAME-25NOV08VICMEL-MEL,2025-11-08T09:29:50.181342Z,0.64,25,no,574a008b-e093-5fce-24e0-3f74b4ee1e23
KXALEAGUEGAME-25NOV08VICMEL-MEL,2025-11-08T09:29:48.827598Z,0.64,75,no,c89a3a48-965b-4f22-6c6e-3908c0a52abf
KXALEAGUEGAME-25NOV08VICMEL-MEL,2025-11-08T09:29:39.269487Z,0.66,16,yes,67523808-d3f0-73dc-6618-48da0076b61e
KXALEAGUEGAME-25NOV08VICMEL-MEL,2025-11-08T09:29:39.269487Z,0.65,2,yes,297dae7e-a408-7974-57da-9bcb21ec9442
KXALEAGUEGAME-25NOV08VICMEL-MEL,2025-11-08T09:28:08.97271Z,0.64,119,yes,f607eabb-0b11-4f29-8e5e-80f0dfb1a554
KXALEAGUEGAME-25NOV08VICMEL-MEL,2025-11-08T09:28:08.97271Z,0.65,10,yes,2edc79ee-18a4-45c0-a952-d0630890653e
KXALEAGUEGAME-25NOV08VICMEL-MEL,2025-11-08T09:27:42.783467Z,0.64,106,yes,ed6ffc6c-31d5-54b8-a6f6-66941130d7d6
KXALEAGUEGAME-25NOV08VICMEL-MEL,2025-11-08T09:27:40.803127Z,0.64,30,yes,16f3f9ee-6ae1-7d14-f83d-24f362a37d46
KXALEAGUEGAME-25NOV08VICMEL-MEL,2025-11-08T09:25:59.136566Z,0.64,1,yes,aedd4427-1adc-73fa-2416-d2d27b87b4d5
KXALEAGUEGAME-25NOV08VICMEL-MEL,2025-11-08T09:24:46.41875Z,0.64,45,yes,603e8419-0704-69ae-e995-8ef25f41dced
KXALEAGUEGAME-25NOV08VICMEL-MEL,2025-11-08T09:24:16.118408Z,0.65,11,yes,1cc0080b-fa5e-77de-76c8-20e87162d11f
KXALEAGUEGAME-25NOV08VICMEL-MEL,2025-11-08T09:22:53.803296Z,0.64,15,yes,80a795da-4ccb-7b81-98ba-2c9beddf3172
KXALEAGUEGAME-25NOV08VICMEL-MEL,2025-11-08T09:22:31.430532Z,0.62,25,no,4e871631-b0eb-4ee5-be60-377ca6bb30e3
KXALEAGUEGAME-25NOV08VICMEL-MEL,2025-11-08T09:22:29.367994Z,0.62,75,no,c4d2cf59-b947-51d5-36ee-c759c58cc37f
KXALEAGUEGAME-25NOV08VICMEL-MEL,2025-11-08T09:20:58.170931Z,0.64,304,yes,3dbe8486-9755-6557-b792-4bf9f069efb4
KXALEAGUEGAME-25NOV08VICMEL-MEL,2025-11-08T09:20:19.065942Z,0.64,38,yes,307938f1-31f9-7d3f-433b-5cbc79d55a50
KXALEAGUEGAME-25NOV08VICMEL-MEL,2025-11-08T09:20:01.682337Z,0.64,15,yes,b058f6a2-b2b5-635b-43c1-13e9f2b39350
KXALEAGUEGAME-25NOV08VICMEL-MEL,2025-11-08T09:19:51.653477Z,0.63,15,yes,e566e65b-0d65-5bf6-2247-3dd163febc83
KXALEAGUEGAME-25NOV08VICMEL-MEL,2025-11-08T09:18:27.280026Z,0.63,15,yes,318ab512-e9a7-7c0b-7a39-4dbe73690a8b
KXALEAGUEGAME-25NOV08VICMEL-MEL,2025-11-08T09:16:04.434062Z,0.62,3,yes,57802a1e-4585-4863-eb07-66da6b245b01
KXALEAGUEGAME-25NOV08VICMEL-MEL,2025-11-08T09:16:02.954112Z,0.62,1,yes,7269e9ec-3ca5-44b3-6db7-7d400582c84d
KXALEAGUEGAME-25NOV08VICMEL-MEL,2025-11-08T09:15:05.087319Z,0.62,18,yes,8a930691-b8ce-416e-7ffa-02978d4faf01
KXALEAGUEGAME-25NOV08VICMEL-MEL,2025-11-08T09:14:23.313999Z,0.62,75,yes,2b286ae6-9952-58f6-fd26-ef599a56c249
KXALEAGUEGAME-25NOV08VICMEL-MEL,2025-11-08T09:14:20.987802Z,0.6,319,no,8b7fe237-d163-6771-bafc-637e165686fa
KXALEAGUEGAME-25NOV08VICMEL-MEL,2025-11-08T09:13:20.166344Z,0.62,1,yes,7927ec01-a823-4ca1-0ed5-c0092e10d895
KXALEAGUEGAME-25NOV08VICMEL-MEL,2025-11-08T09:13:18.723625Z,0.62,15,yes,4c5e040d-1407-7071-7e5c-d6ab98233249
KXALEAGUEGAME-25NOV08VICMEL-MEL,2025-11-08T09:12:59.398474Z,0.6,37,no,38daeb4b-c5b6-55fc-4456-9f9b8265723e
KXALEAGUEGAME-25NOV08VICMEL-MEL,2025-11-08T09:12:06.244803Z,0.6,100,no,51006eb8-e667-649b-c293-d8ccf7615a55
KXALEAGUEGAME-25NOV08VICMEL-MEL,2025-11-08T09:12:06.095748Z,0.6,25,no,3c2d417f-0d57-56c3-c443-850ffc1d5fdd
KXALEAGUEGAME-25NOV08VICMEL-MEL,2025-11-08T09:12:03.642433Z,0.6,75,no,773901f7-aac7-4133-7bbf-3eb25f34d349
KXALEAGUEGAME-25NOV08VICMEL-MEL,2025-11-08T09:12:01.882657Z,0.6,25,no,701ff756-227b-5523-76a6-e8f4b7c21255
KXALEAGUEGAME-25NOV08VICMEL-MEL,2025-11-08T09:11:58.897408Z,0.6,75,no,3981daae-e42b-76af-8cc4-a9b417032a91
KXALEAGUEGAME-25NOV08VICMEL-MEL,2025-11-08T09:11:58.443585Z,0.6,25,no,87c046e0-a643-5a47-b05a-e05f05e32a85
KXALEAGUEGAME-25NOV08VICMEL-MEL,2025-11-08T09:11:55.865639Z,0.6,25,no,3f7c31ff-bd8b-4b1b-6abd-1139d30eeea9
KXALEAGUEGAME-25NOV08VICMEL-MEL,2025-11-08T09:11:53.143789Z,0.59,75,no,6f6b6d32-23cf-617d-27a3-b9ea2f9f41d5
KXALEAGUEGAME-25NOV08VICMEL-MEL,2025-11-08T09:11:52.756044Z,0.59,25,no,64f6ba59-15cf-600d-4e0e-b1c781f7a5bd
KXALEAGUEGAME-25NOV08VICMEL-MEL,2025-11-08T09:11:50.107671Z,0.6,25,no,e469f4f2-5807-419d-e022-5efab36272e6
KXALEAGUEGAME-25NOV08VICMEL-MEL,2025-11-08T09:11:47.637103Z,0.6,75,no,3958a465-e4e3-73fd-c161-715d9bab535e
KXALEAGUEGAME-25NOV08VICMEL-MEL,2025-11-08T09:11:47.434813Z,0.6,25,no,3a5a0c76-deef-4591-7161-198908b924d2
KXALEAGUEGAME-25NOV08VICMEL-MEL,2025-11-08T09:11:43.688788Z,0.6,25,no,d9287329-cd8f-426d-c9be-d76cde1060ba
KXALEAGUEGAME-25NOV08VICMEL-MEL,2025-11-08T09:11:43.138115Z,0.6,75,no,cc0b170b-a0af-5f45-9aff-c3b7e29f6326
KXALEAGUEGAME-25NOV08VICMEL-MEL,2025-11-08T09:11:40.393851Z,0.6,25,no,3d2bcd09-7003-7829-ffa6-892bd9c888b2
KXALEAGUEGAME-25NOV08VICMEL-MEL,2025-11-08T09:11:38.385713Z,0.6,75,no,258c93a1-0863-65c1-f06f-9694eb4000da
KXALEAGUEGAME-25NOV08VICMEL-MEL,2025-11-08T09:11:38.038463Z,0.6,25,no,fd2292a3-385b-7011-e200-3334198dfc7a
KXALEAGUEGAME-25NOV08VICMEL-MEL,2025-11-08T09:11:34.551126Z,0.6,25,no,bf0b63b1-9463-43b9-ca1c-79fa52535486
KXALEAGUEGAME-25NOV08VICMEL-MEL,2025-11-08T09:11:33.440434Z,0.6,75,no,3c07af12-4f53-7be5-891d-ab9e980014a2
KXALEAGUEGAME-25NOV08VICMEL-MEL,2025-11-08T09:11:31.699989Z,0.6,25,no,3fcd60a3-8867-7f7d-4351-5ce6bcb3ee96
KXALEAGUEGAME-25NOV08VICMEL-MEL,2025-11-08T09:11:28.794011Z,0.61,75,no,3207cdf1-d27f-66a7-8a8e-66c172adc32a
KXALEAGUEGAME-25NOV08VICMEL-MEL,2025-11-08T09:11:28.585383Z,0.61,25,no,6ff3e4a3-fe7f-727f-6be6-391ccfcddfb6
KXALEAGUEGAME-25NOV08VICMEL-MEL,2025-11-08T09:11:26.273792Z,0.61,25,no,cdd7eef4-3023-731b-3769-b207f59140d2
KXALEAGUEGAME-25NOV08VICMEL-MEL,2025-11-08T09:11:23.389992Z,0.61,75,no,9a3b7747-4aa3-440b-ab43-f83622e1f266
KXALEAGUEGAME-25NOV08VICMEL-MEL,2025-11-08T09:11:22.828258Z,0.63,7,yes,ea4c88fa-43ce-764b-a2df-9c409764d115
KXALEAGUEGAME-25NOV08VICMEL-MEL,2025-11-08T09:10:37.165391Z,0.64,35,yes,6f2ab30c-c535-5791-7623-c3521523a089
KXALEAGUEGAME-25NOV08VICMEL-MEL,2025-11-08T09:09:56.61035Z,0.64,6,yes,8ac46148-5dc1-76fd-acbf-700b9aa68941
KXALEAGUEGAME-25NOV08VICMEL-MEL,2025-11-08T09:08:49.060149Z,0.64,6,yes,a9a5aec0-0fcd-705d-4d21-35ba0ab8d895
KXALEAGUEGAME-25NOV08VICMEL-MEL,2025-11-08T09:08:22.339219Z,0.65,7,yes,4b580565-132d-7ce8-7a45-93c6e689ad39
KXALEAGUEGAME-25NOV08VICMEL-MEL,2025-11-08T09:08:11.443409Z,0.65,7,yes,cc987130-daa5-6c90-e12c-a760154e47d1
KXALEAGUEGAME-25NOV08VICMEL-MEL,2025-11-08T09:07:46.218322Z,0.63,7,no,6e5a95eb-4b33-7a5b-aeaa-a5eb70ae79d5
KXALEAGUEGAME-25NOV08VICMEL-MEL,2025-11-08T09:07:24.95628Z,0.65,7,yes,906baa42-0c34-684b-1641-631cbffd4c1b
KXALEAGUEGAME-25NOV08VICMEL-MEL,2025-11-08T09:07:23.908625Z,0.65,150,yes,4ee7d950-644c-481f-927d-8297d6b40aa7
KXALEAGUEGAME-25NOV08VICMEL-MEL,2025-11-08T09:07:11.540243Z,0.65,255,yes,2215fa8c-c29c-413f-54d2-6b3feb2b0397
KXALEAGUEGAME-25NOV08VICMEL-MEL,2025-11-08T09:07:11.360856Z,0.62,6,no,54e2c358-6157-57ee-c80c-624ecfb63fd3
KXALEAGUEGAME-25NOV08VICMEL-MEL,2025-11-08T09:06:49.079953Z,0.64,310,yes,2842b551-3384-6399-d6ac-bdc233a83338
KXALEAGUEGAME-25NOV08VICMEL-MEL,2025-11-08T09:05:46.078035Z,0.64,76,yes,f04ba2ff-f608-7789-f8fc-900c95ce5ecc
KXALEAGUEGAME-25NOV08VICMEL-MEL,2025-11-08T09:05:27.060371Z,0.64,6,yes,aa004235-584c-52f9-7526-a4efc1f1b090
KXALEAGUEGAME-25NOV08VICMEL-MEL,2025-11-08T09:04:47.96631Z,0.63,272,yes,1174a9d3-b06c-781a-7f97-9a06fcca664f
KXALEAGUEGAME-25NOV08VICMEL-MEL,2025-11-08T09:04:24.753005Z,0.63,54,yes,9b1f1c43-5e06-691a-88f8-7f8f09683229
KXALEAGUEGAME-25NOV08VICMEL-MEL,2025-11-08T09:03:45.419648Z,0.63,17,yes,8eda5b6c-e4d9-7510-a132-422582ea2400
KXALEAGUEGAME-25NOV08VICMEL-MEL,2025-11-08T09:03:32.842542Z,0.63,185,yes,656999f8-0265-6538-b534-7ae8237606dc
KXALEAGUEGAME-25NOV08VICMEL-MEL,2025-11-08T09:03:17.030819Z,0.63,1,yes,03d6a236-883d-4990-b254-2ce1b4612894
KXALEAGUEGAME-25NOV08VICMEL-MEL,2025-11-08T09:02:26.136263Z,0.63,193,yes,cbba278c-f4dc-404d-c21f-582b83efd49a
KXALEAGUEGAME-25NOV08VICMEL-MEL,2025-11-08T09:01:45.269193Z,0.62,77,yes,d21b271a-95c3-74b9-a181-c7d735d7c7fe
KXALEAGUEGAME-25NOV08VICMEL-MEL,2025-11-08T09:01:45.269193Z,0.63,1,yes,c101e171-edf0-78b1-8f6b-95555472585a
KXALEAGUEGAME-25NOV08VICMEL-MEL,2025-11-08T09:00:31.492675Z,0.61,43,yes,70431876-a3a9-6a27-213a-f596f84a035d
KXALEAGUEGAME-25NOV08VICMEL-MEL,2025-11-08T09:00:30.319174Z,0.61,4,yes,4c68a8bd-3f35-692b-c091-c8662dc15149
KXALEAGUEGAME-25NOV08VICMEL-MEL,2025-11-08T09:00:09.390713Z,0.62,3,yes,f5481623-5365-76bb-83a8-32eaa9309218
KXALEAGUEGAME-25NOV08VICMEL-MEL,2025-11-08T09:00:06.579606Z,0.62,2,yes,b7204bc0-38e1-5c23-b528-b0fb2a1fa64c
KXALEAGUEGAME-25NOV08VICMEL-MEL,2025-11-08T08:59:58.001039Z,0.63,22,yes,b7482c0e-4eec-7398-62cb-229d0292a6f2
KXALEAGUEGAME-25NOV08VICMEL-MEL,2025-11-08T08:59:58.001039Z,0.62,500,yes,a92a8ad4-adf8-765f-52d0-e969e502c1de
KXALEAGUEGAME-25NOV08VICMEL-MEL,2025-11-08T08:59:58.001039Z,0.62,263,yes,99200478-4911-7737-5a5f-85a4d9126fbf
KXALEAGUEGAME-25NOV08VICMEL-MEL,2025-11-08T08:59:47.873229Z,0.61,145,yes,f04f8ae2-6e73-4ffa-bc32-320c76bc425f
KXALEAGUEGAME-25NOV08VICMEL-MEL,2025-11-08T08:59:47.873229Z,0.61,174,yes,84a0a381-b963-469b-8ad0-b33d414a89a2
KXALEAGUEGAME-25NOV08VICMEL-MEL,2025-11-08T08:59:38.468286Z,0.61,7,yes,90793f92-8053-670b-0a48-256627e4e186
KXALEAGUEGAME-25NOV08VICMEL-MEL,2025-11-08T08:59:32.175966Z,0.61,319,yes,c46cb2eb-36a7-461f-8940-3b781d66737e
KXALEAGUEGAME-25NOV08VICMEL-MEL,2025-11-08T08:57:09.519758Z,0.61,283,yes,70fefc6b-ed38-43f2-f0b0-d64970c07f34
KXALEAGUEGAME-25NOV08VICMEL-MEL,2025-11-08T08:57:09.519758Z,0.61,104,yes,6a99746a-b9b8-4f72-d7d6-cd57c28bd7ae
KXALEAGUEGAME-25NOV08VICMEL-MEL,2025-11-08T08:57:09.519758Z,0.61,11,yes,536778a8-c890-4f36-cd72-3eca6f5a5b2a
KXALEAGUEGAME-25NOV08VICMEL-MEL,2025-11-08T08:56:55.815342Z,0.61,79,yes,dc21ab1b-d09c-6ce2-a076-a78244adb20c
KXALEAGUEGAME-25NOV08VICMEL-MEL,2025-11-08T08:56:52.957845Z,0.61,127,yes,b643afb9-a490-494a-bb64-0da145dd914c
KXALEAGUEGAME-25NOV08VICMEL-MEL,2025-11-08T08:56:50.172863Z,0.61,11,yes,8deb5c5f-0ac4-5de2-1005-b3a767ac6a84
KXALEAGUEGAME-25NOV08VICMEL-MEL,2025-11-08T08:55:44.758362Z,0.67,7,yes,54b38912-c4d3-41cb-b6f7-e12777991203
KXALEAGUEGAME-25NOV08VICMEL-MEL,2025-11-08T08:55:11.81664Z,0.65,30,yes,da9f70f9-d52c-4b13-2195-af39b82d0ff2
KXALEAGUEGAME-25NOV08VICMEL-MEL,2025-11-08T08:55:00.526488Z,0.65,15,yes,bc2a2914-d504-4c33-e8b2-dc086b564ef2
KXALEAGUEGAME-25NOV08VICMEL-MEL,2025-11-08T08:54:23.222988Z,0.67,2,yes,856f419e-7b6e-42a7-0a04-eb917b42ed5a
KXALEAGUEGAME-25NOV08VICMEL-MEL,2025-11-08T08:54:16.114605Z,0.66,6,yes,94f59bf9-4951-5a3c-542e-e5441bf365aa
KXALEAGUEGAME-25NOV08VICMEL-MEL,2025-11-08T08:54:09.921292Z,0.66,14,yes,78a59311-cd37-4c7e-4ede-bf9de70f3850
KXALEAGUEGAME-25NOV08VICMEL-MEL,2025-11-08T08:53:32.309617Z,0.65,1,yes,66e5ac19-bb28-5b04-b798-bd47251b9cd1
KXALEAGUEGAME-25NOV08VICMEL-MEL,2025-11-08T08:51:40.291308Z,0.93,20,yes,e7780430-1419-6081-6d10-5fc6e9c43bf0
KXALEAGUEGAME-25NOV08VICMEL-MEL,2025-11-08T08:51:33.733571Z,0.79,6,yes,92eb8309-ec2e-7cf7-042f-22a2e5573850
KXALEAGUEGAME-25NOV08VICMEL-MEL,2025-11-08T08:49:06.235642Z,0.64,5,yes,9a385c60-3229-770a-99e4-1d796b6967a8
KXALEAGUEGAME-25NOV08VICMEL-MEL,2025-11-08T08:48:10.866054Z,0.27,72,no,71922f99-e726-5faa-416f-8b8c530ae928
KXALEAGUEGAME-25NOV08VICMEL-MEL,2025-11-08T08:48:05.93696Z,0.26,4,no,948def5c-fe34-46fe-47f2-86aeea812871
KXALEAGUEGAME-25NOV08VICMEL-MEL,2025-11-08T08:48:05.931945Z,0.39,10,no,25033d4b-421c-5fc7-7644-74323a831611
KXALEAGUEGAME-25NOV08VICMEL-MEL,2025-11-08T08:47:57.728601Z,0.68,53,yes,e562d85a-4f11-5642-8383-fc73b918e094
KXALEAGUEGAME-25NOV08VICMEL-MEL,2025-11-08T08:47:57.728601Z,0.7,53,yes,cfc935f5-b190-5813-b3f8-8e133693a598
KXALEAGUEGAME-25NOV08VICMEL-MEL,2025-11-08T08:47:57.728601Z,0.67,54,yes,a1095456-5266-5316-8ab9-873541803ce0
KXALEAGUEGAME-25NOV08VICMEL-MEL,2025-11-08T08:47:57.728601Z,0.69,54,yes,1a930744-ca98-5698-87d3-e1d44002763a
KXALEAGUEGAME-25NOV08VICMEL-MEL,2025-11-08T08:47:57.728601Z,0.72,41,yes,1643c54a-ce06-5d6e-97fc-03dcac61476d
KXALEAGUEGAME-25NOV08VICMEL-MEL,2025-11-08T08:47:57.728601Z,0.68,100,yes,043b3331-adb3-52cb-847b-b2cbef039eb7
KXALEAGUEGAME-25NOV08VICMEL-MEL,2025-11-08T08:46:00.909831Z,0.89,16,yes,9fa11985-6748-486e-f2f2-12b260b7a36b
KXALEAGUEGAME-25NOV08VICMEL-MEL,2025-11-08T08:46:00.909831Z,0.88,40,yes,9bc06c23-1012-4d15-fb34-5e19db5c1f1a
KXALEAGUEGAME-25NOV08VICMEL-MEL,2025-11-08T08:45:43.267751Z,0.66,59,yes,a584b619-8db9-4dd1-d4dc-9178e49adfc1
KXALEAGUEGAME-25NOV08VICMEL-MEL,2025-11-08T08:45:43.267751Z,0.67,58,yes,92085cfa-3fb4-4e03-dc28-bc853fbe115e
KXALEAGUEGAME-25NOV08VICMEL-MEL,2025-11-08T08:45:43.267751Z,0.66,30,yes,6f787426-a0e7-414d-c35e-6c2453131818
KXALEAGUEGAME-25NOV08VICMEL-MEL,2025-11-08T08:44:43.571867Z,0.65,500,no,19043e34-01e8-41c9-c057-b0fec9311365
KXALEAGUEGAME-25NOV08VICMEL-MEL,2025-11-08T08:44:34.434492Z,0.49,159,yes,054be21f-448b-6212-5d1d-ba646484a9d8
KXALEAGUEGAME-25NOV08VICMEL-MEL,2025-11-08T08:39:02.843019Z,0.48,10,yes,dc4cc43a-4077-4d1f-7489-ba491502e812
KXALEAGUEGAME-25NOV08VICMEL-MEL,2025-11-08T08:35:06.551279Z,0.49,9,yes,743a38d8-4ec7-7436-ad70-ed89f9921798
KXALEAGUEGAME-25NOV08VICMEL-MEL,2025-11-08T08:35:06.551279Z,0.48,30,yes,2b74287e-c104-7564-97ae-b5613d632986
KXALEAGUEGAME-25NOV08VICMEL-MEL,2025-11-08T08:32:28.376865Z,0.42,4,yes,c4ad40d7-6a0b-52a5-7de3-8cc76d140ab3
KXALEAGUEGAME-25NOV08VICMEL-MEL,2025-11-08T08:32:17.234313Z,0.4,9,no,7898cf5c-0293-4a1a-5ba6-789d7a3ca22a
KXALEAGUEGAME-25NOV08VICMEL-MEL,2025-11-08T08:32:02.738228Z,0.42,11,yes,0147fefb-80eb-79ed-3ae7-797b07842c3f
KXALEAGUEGAME-25NOV08VICMEL-MEL,2025-11-08T08:31:08.387111Z,0.42,9,yes,ef9d7d9e-df03-7f69-3307-bbd46a6e794b
KXALEAGUEGAME-25NOV08VICMEL-MEL,2025-11-08T08:31:02.356523Z,0.42,309,yes,81da292f-118f-6091-fb39-109c1e3dab6f
KXALEAGUEGAME-25NOV08VICMEL-MEL,2025-11-08T08:31:02.356523Z,0.41,271,yes,774c46ad-d946-657c-c340-e6630788d6f2
KXALEAGUEGAME-25NOV08VICMEL-MEL,2025-11-08T08:14:15.152534Z,0.41,46,yes,6b8dcb96-f234-6af0-24f5-7de14ce0351b
KXALEAGUEGAME-25NOV08VICMEL-MEL,2025-11-08T08:11:19.401468Z,0.41,11,yes,65d2a486-98dc-50ac-a5d1-1366b376d283
KXALEAGUEGAME-25NOV08VICMEL-MEL,2025-11-08T08:09:04.248121Z,0.41,2,yes,4bee756c-bf84-5be8-8405-c9489f6d10cf
KXALEAGUEGAME-25NOV08VICMEL-MEL,2025-11-08T08:05:16.854756Z,0.41,142,yes,eec12cb6-ffc6-572c-f9f0-f16af67b07c7
KXALEAGUEGAME-25NOV08VICMEL-MEL,2025-11-08T08:05:16.854756Z,0.42,1335,yes,ddf5551c-a20d-575e-f2ed-6ed800e19f1c
KXALEAGUEGAME-25NOV08VICMEL-MEL,2025-11-08T08:05:16.854756Z,0.41,365,yes,1824a8f1-6c19-5e69-f900-d0cf701b2599
KXALEAGUEGAME-25NOV08VICMEL-MEL,2025-11-08T08:04:17.748832Z,0.41,11,yes,919cb478-06c2-4a90-93cb-bd30c9149e7b
KXALEAGUEGAME-25NOV08VICMEL-MEL,2025-11-08T07:02:20.018974Z,0.48,4,yes,5809f384-122c-5636-c726-5a0a57d554b7
KXALEAGUEGAME-25NOV08VICMEL-MEL,2025-11-08T06:35:25.049964Z,0.49,19,yes,b71ab278-a85f-5cba-1804-46b4c4e5ad2c
KXALEAGUEGAME-25NOV08VICMEL-MEL,2025-11-08T06:35:25.049964Z,0.48,10,yes,63696cad-3f4e-5e48-00f6-42e32a141cba
KXALEAGUEGAME-25NOV08VICMEL-MEL,2025-11-08T06:34:26.236511Z,0.48,4,yes,1033f0df-d5a6-60f8-4658-83abb27f03a6
KXALEAGUEGAME-25NOV08VICMEL-MEL,2025-11-08T06:17:30.566519Z,0.48,6,yes,665b50be-762a-4c94-81b8-3888c04d9f2e
KXALEAGUEGAME-25NOV08VICMEL-MEL,2025-11-08T06:13:18.462357Z,0.48,10,yes,74b6668b-1392-4d24-dbd9-9efdbe193096
KXALEAGUEGAME-25NOV08VICMEL-MEL,2025-11-08T06:13:10.44872Z,0.49,9,yes,5e7d2df5-415b-5652-55b0-1c02e7329e48
KXALEAGUEGAME-25NOV08VICMEL-MEL,2025-11-08T06:13:10.44872Z,0.48,10,yes,3510acbc-1c00-54bc-5f09-6a243469635b
KXALEAGUEGAME-25NOV08VICMEL-MEL,2025-11-08T06:03:37.364997Z,0.48,20,yes,6200f72a-139c-7f30-9584-b7bfbc802afb
KXALEAGUEGAME-25NOV08VICMEL-MEL,2025-11-08T05:49:53.223954Z,0.49,23,yes,acb357ef-6fb4-7c4c-9760-4c7749298248
KXALEAGUEGAME-25NOV08VICMEL-MEL,2025-11-08T05:48:29.949294Z,0.49,30,yes,652ff772-d7af-77d4-0e7e-2946d25a5297
KXALEAGUEGAME-25NOV08VICMEL-MEL,2025-11-08T05:48:29.949294Z,0.5,18,yes,391a80c4-4b77-743c-0d9d-b9449c225232
KXALEAGUEGAME-25NOV08VICMEL-MEL,2025-11-08T05:37:53.700012Z,0.5,5,yes,483ba856-21e7-4230-5aa2-29467158e5e2
KXALEAGUEGAME-25NOV08VICMEL-MEL,2025-11-08T05:30:31.87758Z,0.5,56,yes,c54a42c8-e8ff-5bc0-72b6-5d578a23143e
KXALEAGUEGAME-25NOV08VICMEL-MEL,2025-11-08T05:28:49.992383Z,0.5,3,yes,abb23788-72cb-4b60-9c71-f89080fbb276
