ticker,created_time,price,count,taker_side,trade_id
KXALEAGUEGAME-25NOV08WPHAUC-WPH,2025-11-08T08:02:13.926193Z,0.01,935,yes,18cfbf89-192c-758b-b127-a1826c58c22a
KXALEAGUEGAME-25NOV08WPHAUC-WPH,2025-11-08T07:56:25.449736Z,0.01,100,yes,7ed0223d-60b4-4843-3b29-33696d817580
KXALEAGUEGAME-25NOV08WPHAUC-WPH,2025-11-08T07:56:13.184233Z,0.01,1,no,35e88ff7-946b-72e3-dc83-6e45ff49f8ef
KXALEAGUEGAME-25NOV08WPHAUC-WPH,2025-11-08T07:54:56.695319Z,0.01,354,no,ebcb6d6c-9b8e-7d38-a2db-037790361c33
KXALEAGUEGAME-25NOV08WPHAUC-WPH,2025-11-08T07:54:16.480081Z,0.01,44,no,f88c8c76-3e7e-6e58-54b6-f5b2a108ffb3
KXALEAGUEGAME-25NOV08WPHAUC-WPH,2025-11-08T07:53:55.506496Z,0.01,100,no,f1cf04fc-81be-72e4-6859-568cf45cd0d3
KXALEAGUEGAME-25NOV08WPHAUC-WPH,2025-11-08T07:53:42.333414Z,0.01,2,no,ee663c1d-d29e-5150-af3f-769b51e466c3
KXALEAGUEGAME-25NOV08WPHAUC-WPH,2025-11-08T07:52:34.578113Z,0.01,58,no,c0d1ccc7-ccf4-775e-d10f-6337b59cafa6
KXALEAGUEGAME-25NOV08WPHAUC-WPH,2025-11-08T07:49:52.754777Z,0.02,100,yes,33e93db8-e3a2-7011-0f8d-d53119055ec0
KXALEAGUEGAME-25NOV08WPHAUC-WPH,2025-11-08T07:49:48.576305Z,0.01,7,no,77aa2b3e-d6f0-5516-18c2-542d3594babe
KXALEAGUEGAME-25NOV08WPHAUC-WPH,2025-11-08T07:47:26.505269Z,0.03,83,yes,ea271e14-e6a4-5b30-8321-558c357606fa
KXALEAGUEGAME-25NOV08WPHAUC-WPH,2025-11-08T07:47:24.563268Z,0.03,59,yes,d235b383-e758-7b08-c288-4d2d22199bf6
KXALEAGUEGAME-25NOV08WPHAUC-WPH,2025-11-08T07:47:21.714978Z,0.03,74,yes,90fff0de-e9c4-6e60-88de-f6ecf83e0072
KXALEAGUEGAME-25NOV08WPHAUC-WPH,2025-11-08T07:46:35.115304Z,0.03,53,yes,dcca63df-90a0-4420-64e7-520197dcb69a
KXALEAGUEGAME-25NOV08WPHAUC-WPH,2025-11-08T07:46:27.730753Z,0.03,61,yes,fc76bd96-f970-6ec0-45c3-47957bda0f1a
KXALEAGUEGAME-25NOV08WPHAUC-WPH,2025-11-08T07:46:27.692628Z,0.03,665,yes,11470f5e-0b5c-40c0-0b62-77ecdab2ebb2
KXALEAGUEGAME-25NOV08WPHAUC-WPH,2025-11-08T07:45:29.539846Z,0.06,9,no,c5cfc33d-1da0-58e1-aba1-666bdf5ec120
KXALEAGUEGAME-25NOV08WPHAUC-WPH,2025-11-08T07:43:47.69882Z,0.08,58,yes,2bdfc88b-da96-76e5-a677-3cdd3626b8fc
KXALEAGUEGAME-25NOV08WPHAUC-WPH,2025-11-08T07:43:41.811688Z,0.08,58,yes,8546deab-38de-5d89-1a38-3aa48dff2798
KXALEAGUEGAME-25NOV08WPHAUC-WPH,2025-11-08T07:42:44.616576Z,0.06,522,yes,aa9555cb-8494-7736-c593-b1fa4168a654
KXALEAGUEGAME-25NOV08WPHAUC-WPH,2025-11-08T07:41:45.649959Z,0.11,90,yes,c61e3257-784c-7eea-511c-11cc082d96c9
KXALEAGUEGAME-25NOV08WPHAUC-WPH,2025-11-08T07:41:45.649959Z,0.08,5,yes,9e6438a0-098d-7396-6c02-0e0282afcfd9
KXALEAGUEGAME-25NOV08WPHAUC-WPH,2025-11-08T07:41:45.649959Z,0.08,200,yes,71c9a45d-d1f4-7e1e-6e87-6713f856f696
KXALEAGUEGAME-25NOV08WPHAUC-WPH,2025-11-08T07:41:45.649959Z,0.1,188,yes,0f5e913e-44fd-7936-4733-568a5da14829
KXALEAGUEGAME-25NOV08WPHAUC-WPH,2025-11-08T07:41:45.649959Z,0.09,188,yes,08f085d2-8ad2-77c8-6cf4-8b6534bddb4c
KXALEAGUEGAME-25NOV08WPHAUC-WPH,2025-11-08T07:41:12.026263Z,0.06,156,no,2845a83b-e003-5c2e-5bfc-91daed04983b
KXALEAGUEGAME-25NOV08WPHAUC-WPH,2025-11-08T07:40:59.322675Z,0.06,38,no,e87cdece-a6b5-44c1-0f97-7622e127af3a
KXALEAGUEGAME-25NOV08WPHAUC-WPH,2025-11-08T07:40:28.929262Z,0.09,200,yes,32ec3620-4f96-7cc7-3676-6e1a14a3169a
KXALEAGUEGAME-25NOV08WPHAUC-WPH,2025-11-08T07:40:10.191595Z,0.01,7,no,a04ab6c9-0078-7ab6-0daf-b41de36fea8a
KXALEAGUEGAME-25NOV08WPHAUC-WPH,2025-11-08T07:40:08.316184Z,0.02,4,no,bfee04e5-04d8-6cc6-47dc-b685ec5bc95c
KXALEAGUEGAME-25NOV08WPHAUC-WPH,2025-11-08T07:40:02.725835Z,0.15,200,yes,f036a7e9-1928-6dee-eeb7-84c960b028d4
KXALEAGUEGAME-25NOV08WPHAUC-WPH,2025-11-08T07:40:02.725835Z,0.25,45,yes,b8086225-b2af-69c4-eb13-593feb270ab1
KXALEAGUEGAME-25NOV08WPHAUC-WPH,2025-11-08T07:40:02.725835Z,0.1,416,yes,78374928-7204-6488-ee82-6eeeebe5f1b6
KXALEAGUEGAME-25NOV08WPHAUC-WPH,2025-11-08T07:40:00.125515Z,0.08,100,yes,f1639bd8-6f7f-4e57-394b-2c77691865c9
KXALEAGUEGAME-25NOV08WPHAUC-WPH,2025-11-08T07:40:00.125515Z,0.07,100,yes,aa6f4dd7-c82f-4a27-37b3-6fdad01e9786
KXALEAGUEGAME-25NOV08WPHAUC-WPH,2025-11-08T07:40:00.125515Z,0.1,84,yes,466b675a-8b8c-4cac-04ea-e9ae7a5e7dee
KXALEAGUEGAME-25NOV08WPHAUC-WPH,2025-11-08T07:39:46.86348Z,0.05,5,yes,42625fb5-fd3c-431e-bd4b-e9088532a662
KXALEAGUEGAME-25NOV08WPHAUC-WPH,2025-11-08T07:39:39.876991Z,0.01,11,no,e17eb70d-1c2c-4ece-cca1-a2c56c7022f6
KXALEAGUEGAME-25NOV08WPHAUC-WPH,2025-11-08T07:39:38.574056Z,0.01,34,no,605430fc-5ec4-723a-361a-ed02defc4b1a
KXALEAGUEGAME-25NOV08WPHAUC-WPH,2025-11-08T07:39:23.387584Z,0.01,77,no,b7608e86-490a-5336-036f-572eb98a6a66
KXALEAGUEGAME-25NOV08WPHAUC-WPH,2025-11-08T07:39:23.387584Z,0.01,34,no,51434ad5-7b80-5d8e-1066-6eeeac80205a
KXALEAGUEGAME-25NOV08WPHAUC-WPH,2025-11-08T07:39:07.423056Z,0.01,21,no,879c7d72-38ca-4a82-5d9f-d15df600772a
KXALEAGUEGAME-25NOV08WPHAUC-WPH,2025-11-08T07:39:07.100849Z,0.01,8,no,c733cc2a-552a-4576-a585-9e24c3608db2
KXALEAGUEGAME-25NOV08WPHAUC-WPH,2025-11-08T07:38:55.668498Z,0.01,40,no,f6dc1319-862e-499a-1134-9fa0e397593a
KXALEAGUEGAME-25NOV08WPHAUC-WPH,2025-11-08T07:38:26.461695Z,0.01,6,no,cfa66ed1-74ba-75ae-59bd-1e096eb22be6
KXALEAGUEGAME-25NOV08WPHAUC-WPH,2025-11-08T07:38:19.995382Z,0.01,6,no,1f4375d9-9266-4b02-fa8a-7346fcf080d6
KXALEAGUEGAME-25NOV08WPHAUC-WPH,2025-11-08T07:38:11.428682Z,0.01,31,no,92aeebc7-7c46-5296-5f43-5a025bf3952e
KXALEAGUEGAME-25NOV08WPHAUC-WPH,2025-11-08T07:38:11.096105Z,0.01,15,no,d763879c-8851-7788-47ef-39519db719e1
KXALEAGUEGAME-25NOV08WPHAUC-WPH,2025-11-08T07:38:11.096105Z,0.01,11,no,0eef7f4d-80ae-729a-5bf9-06f671898f42
KXALEAGUEGAME-25NOV08WPHAUC-WPH,2025-11-08T07:38:08.173951Z,0.01,5,no,44218d62-5be1-7a7c-2a28-ffe402412f25
KXALEAGUEGAME-25NOV08WPHAUC-WPH,2025-11-08T07:37:59.053457Z,0.02,323,yes,4151c1e1-5e9d-560a-3b00-417294eca872
KXALEAGUEGAME-25NOV08WPHAUC-WPH,2025-11-08T07:37:15.571341Z,0.03,263,no,f7514f71-476b-6a31-60a8-09ef1d411b08
KXALEAGUEGAME-25NOV08WPHAUC-WPH,2025-11-08T07:37:15.571341Z,0.02,147,no,00388d9f-fb49-6f01-59c3-d765c44a8075
KXALEAGUEGAME-25NOV08WPHAUC-WPH,2025-11-08T07:36:50.534067Z,0.02,33,no,5416c5bc-7bc1-4cd5-90a4-3f3d336502a9
KXALEAGUEGAME-25NOV08WPHAUC-WPH,2025-11-08T07:36:29.705144Z,0.01,55,no,01b3f2b5-61e5-67a8-dcb4-f76d45a0c679
KXALEAGUEGAME-25NOV08WPHAUC-WPH,2025-11-08T07:36:06.505009Z,0.01,438,no,b3eb6eda-5e51-5bf0-c3e1-208c514072f9
KXALEAGUEGAME-25NOV08WPHAUC-WPH,2025-11-08T07:35:36.68537Z,0.02,1,no,9ce9df5d-2771-661d-9104-064c24268ebe
KXALEAGUEGAME-25NOV08WPHAUC-WPH,2025-11-08T07:35:36.68537Z,0.01,9,no,0fe9178d-4ba5-6fe8-92b1-ed9ac3adcb0d
KXALEAGUEGAME-25NOV08WPHAUC-WPH,2025-11-08T07:34:17.546265Z,0.07,200,yes,e6c8672d-a26d-4340-9db9-3f9f6e355458
KXALEAGUEGAME-25NOV08WPHAUC-WPH,2025-11-08T07:34:17.546265Z,0.06,263,yes,7aad8e9f-e27b-45ea-a44c-7d21bde282e4
KXALEAGUEGAME-25NOV08WPHAUC-WPH,2025-11-08T07:34:17.546265Z,0.07,245,yes,13edcd3e-c8bd-4ce4-ae22-bfd6dd347e97
KXALEAGUEGAME-25NOV08WPHAUC-WPH,2025-11-08T07:31:51.39591Z,0.08,35,yes,15ace46d-c423-5d82-1d09-73f7ab75b6e3
KXALEAGUEGAME-25NOV08WPHAUC-WPH,2025-11-08T07:31:14.669965Z,0.02,3,no,7cbcdda3-a135-51b5-150f-dc3d94a7e762
KXALEAGUEGAME-25NOV08WPHAUC-WPH,2025-11-08T07:31:07.357059Z,0.02,64,no,7bb66f84-7e15-4c0d-00c1-7ca35bab716e
KXALEAGUEGAME-25NOV08WPHAUC-WPH,2025-11-08T07:28:42.07238Z,0.09,10,yes,b98e77bc-6549-757c-fa43-716a49013e5d
KXALEAGUEGAME-25NOV08WPHAUC-WPH,2025-11-08T07:28:11.479797Z,0.09,94,yes,7f85e202-a905-7fd0-5dbb-2bbec26970f9
KXALEAGUEGAME-25NOV08WPHAUC-WPH,2025-11-08T07:27:46.775054Z,0.09,69,yes,ef285bbc-96db-77e1-53fa-6c3950e0bb88
KXALEAGUEGAME-25NOV08WPHAUC-WPH,2025-11-08T07:27:46.775054Z,0.1,98,yes,d9a2b414-da85-7b9c-78c0-a8d81f6c65f6
KXALEAGUEGAME-25NOV08WPHAUC-WPH,2025-11-08T07:27:46.775054Z,0.09,30,yes,0d3358f4-bcab-7b06-6dc3-e27924384f7a
KXALEAGUEGAME-25NOV08WPHAUC-WPH,2025-11-08T07:27:17.54764Z,0.23,6,yes,cc67bf0e-494c-660b-0677-d084014a968e
KXALEAGUEGAME-25NOV08WPHAUC-WPH,2025-11-08T07:27:17.54764Z,0.24,14,yes,0a3c54e0-ca06-6ea6-0a4d-f3524449e789
KXALEAGUEGAME-25NOV08WPHAUC-WPH,2025-11-08T07:25:40.624638Z,0.09,156,yes,4bc16f94-96b7-6f1b-a15d-9c9fdbab7db6
KXALEAGUEGAME-25NOV08WPHAUC-WPH,2025-11-08T07:24:20.413596Z,0.06,22,no,a87e8130-85ea-4a30-8e78-9cb4f432ef81
KXALEAGUEGAME-25NOV08WPHAUC-WPH,2025-11-08T07:23:56.586387Z,0.05,2,no,587430e1-29c9-7243-c05c-a36cd83ab1f0
KXALEAGUEGAME-25NOV08WPHAUC-WPH,2025-11-08T07:23:56.586387Z,0.03,8,no,433fe269-062c-7d85-fa64-84533a25ac9a
KXALEAGUEGAME-25NOV08WPHAUC-WPH,2025-11-08T07:22:22.278599Z,0.09,69,yes,1e8abb91-37b7-5936-c98b-d22cc5902b77
KXALEAGUEGAME-25NOV08WPHAUC-WPH,2025-11-08T07:22:17.727956Z,0.09,131,no,80d1f039-d4cc-7a86-1dae-1e10bfc6d2c5
KXALEAGUEGAME-25NOV08WPHAUC-WPH,2025-11-08T07:20:55.870297Z,0.11,80,yes,ff918446-3d01-50ce-cc50-1ed63f8d2372
KXALEAGUEGAME-25NOV08WPHAUC-WPH,2025-11-08T07:18:33.527526Z,0.09,47,no,91360f04-c34d-432d-3df0-ee684527ce62
KXALEAGUEGAME-25NOV08WPHAUC-WPH,2025-11-08T07:18:02.502349Z,0.1,14,no,44519fa3-dc8c-6474-471d-c2c65cf89c9f
KXALEAGUEGAME-25NOV08WPHAUC-WPH,2025-11-08T07:17:28.349603Z,0.12,32,no,60588341-ed92-49ed-fd96-621ffa6c133c
KXALEAGUEGAME-25NOV08WPHAUC-WPH,2025-11-08T07:16:28.394938Z,0.23,1,yes,ae635076-735f-5dc5-3ba9-b32879b7f0b8
KXALEAGUEGAME-25NOV08WPHAUC-WPH,2025-11-08T07:16:15.052143Z,0.11,99,no,109cef74-0001-588f-e7e5-41065e172221
KXALEAGUEGAME-25NOV08WPHAUC-WPH,2025-11-08T07:15:35.160831Z,0.05,1,no,79ebe3fb-5646-5ee1-0fe2-8221383c2768
KXALEAGUEGAME-25NOV08WPHAUC-WPH,2025-11-08T07:14:34.888452Z,0.38,32,yes,d11f2e94-35a4-77ab-e251-e526bbf542c8
KXALEAGUEGAME-25NOV08WPHAUC-WPH,2025-11-08T07:14:34.888452Z,0.18,46,yes,c9b905d3-6462-7772-e54f-96f1cde77eb3
KXALEAGUEGAME-25NOV08WPHAUC-WPH,2025-11-08T07:14:34.888452Z,0.39,7,yes,2a62cd23-ad19-7578-c345-f68c6284bde1
KXALEAGUEGAME-25NOV08WPHAUC-WPH,2025-11-08T07:14:31.910734Z,0.18,4,yes,157ae181-6506-6b16-2d79-4764b7256223
KXALEAGUEGAME-25NOV08WPHAUC-WPH,2025-11-08T07:14:17.592971Z,0.05,3,no,b564265e-bec6-659d-955f-8e5bfdef7310
KXALEAGUEGAME-25NOV08WPHAUC-WPH,2025-11-08T07:14:04.926763Z,0.1,5,yes,efe72d66-ddda-6ef2-b32e-fc579e7ec636
KXALEAGUEGAME-25NOV08WPHAUC-WPH,2025-11-08T07:13:58.827385Z,0.04,10,yes,36725df7-d337-7368-26c8-7ed64f1aed82
KXALEAGUEGAME-25NOV08WPHAUC-WPH,2025-11-08T07:13:58.827385Z,0.04,77,yes,352922bf-485c-7a3b-2986-3ae97ebaa7fa
KXALEAGUEGAME-25NOV08WPHAUC-WPH,2025-11-08T07:13:53.422211Z,0.02,132,no,6ce2457b-1171-7cad-9ff4-a1b72948ae76
KXALEAGUEGAME-25NOV08WPHAUC-WPH,2025-11-08T07:13:52.196993Z,0.04,4,no,12ff9f3c-26cc-49ea-c017-2054780b0fdf
KXALEAGUEGAME-25NOV08WPHAUC-WPH,2025-11-08T07:13:52.191656Z,0.04,77,no,8d87e7a8-d814-543e-5f1b-611640f50e83
KXALEAGUEGAME-25NOV08WPHAUC-WPH,2025-11-08T07:13:44.425849Z,0.04,2,no,dee9707f-f1cc-6ef6-ddc5-c03d0fbdb347
KXALEAGUEGAME-25NOV08WPHAUC-WPH,2025-11-08T07:12:47.364866Z,0.07,2,yes,7014134f-e47c-55d6-d094-45160397ed0a
KXALEAGUEGAME-25NOV08WPHAUC-WPH,2025-11-08T07:12:47.364866Z,0.08,50,yes,38cac09a-e11f-5773-d6d2-2e6e06ab98e0
KXALEAGUEGAME-25NOV08WPHAUC-WPH,2025-11-08T07:12:02.998749Z,0.04,35,no,1b11b8ad-1c00-4252-efe7-5c39acbef207
KXALEAGUEGAME-25NOV08WPHAUC-WPH,2025-11-08T07:12:02.998749Z,0.08,17,no,05063685-ccf0-40f6-f2c4-3251329f55bd
KXALEAGUEGAME-25NOV08WPHAUC-WPH,2025-11-08T07:09:44.555309Z,0.04,1,no,f56f7e10-512c-59ba-fce8-4165207a29fb
KXALEAGUEGAME-25NOV08WPHAUC-WPH,2025-11-08T07:09:40.799242Z,0.04,28,no,cc6417de-5f84-5582-7455-12dedfda38e3
KXALEAGUEGAME-25NOV08WPHAUC-WPH,2025-11-08T07:09:10.930128Z,0.04,10,no,b34db00d-1f48-78be-f094-6dc4a571c87b
KXALEAGUEGAME-25NOV08WPHAUC-WPH,2025-11-08T07:07:25.567642Z,0.14,85,yes,f7ffb754-0da7-5b3f-0470-73f3220f5e10
KXALEAGUEGAME-25NOV08WPHAUC-WPH,2025-11-08T07:07:25.567642Z,0.15,98,yes,9e4b0156-1401-56bf-2bc7-773dd54de045
KXALEAGUEGAME-25NOV08WPHAUC-WPH,2025-11-08T07:07:25.567642Z,0.15,11,yes,6d95eed4-9488-53ac-2a55-cb8ba0f80d20
KXALEAGUEGAME-25NOV08WPHAUC-WPH,2025-11-08T07:07:25.567642Z,0.16,59,yes,5e3234bf-b265-5fa4-0e6f-a31d57c41c34
KXALEAGUEGAME-25NOV08WPHAUC-WPH,2025-11-08T07:07:03.769029Z,0.14,13,yes,493d48d2-c5df-6e37-cdae-7b3ba77cfa44
KXALEAGUEGAME-25NOV08WPHAUC-WPH,2025-11-08T07:06:00.809466Z,0.04,3,no,8891dfab-5240-405e-f291-f8f4e893ebdb
KXALEAGUEGAME-25NOV08WPHAUC-WPH,2025-11-08T07:04:32.495167Z,0.14,6,yes,fa0f6e83-7e6c-64df-926c-dae94f0e28cf
KXALEAGUEGAME-25NOV08WPHAUC-WPH,2025-11-08T07:03:32.737877Z,0.04,9,no,e3c85ea6-ba24-79da-e31e-97a91c277533
KXALEAGUEGAME-25NOV08WPHAUC-WPH,2025-11-08T07:03:11.587709Z,0.05,10,no,9afeec99-43f5-6790-2e38-7053b2af8c2c
KXALEAGUEGAME-25NOV08WPHAUC-WPH,2025-11-08T07:03:11.587709Z,0.05,2,no,2a0b1943-cf16-6b30-2998-9e48ab4b9b65
KXALEAGUEGAME-25NOV08WPHAUC-WPH,2025-11-08T07:03:11.587709Z,0.04,35,no,0e15b668-6238-646a-0e85-c28ddecac07b
KXALEAGUEGAME-25NOV08WPHAUC-WPH,2025-11-08T07:03:07.107491Z,0.05,99,no,f45ab3a7-2135-4720-6efb-e3d7b9f6f12c
KXALEAGUEGAME-25NOV08WPHAUC-WPH,2025-11-08T07:01:58.843267Z,0.07,237,yes,3c436097-2404-4a8a-a35f-e9777124d0bb
KXALEAGUEGAME-25NOV08WPHAUC-WPH,2025-11-08T07:01:58.843267Z,0.09,142,yes,2e3313e9-4b60-4fea-8d92-f001511c9bdd
KXALEAGUEGAME-25NOV08WPHAUC-WPH,2025-11-08T07:01:58.843267Z,0.08,191,yes,1754f869-dce0-421c-8e1b-d1151141686a
KXALEAGUEGAME-25NOV08WPHAUC-WPH,2025-11-08T07:01:58.843267Z,0.22,431,yes,14a3cdd9-e1e9-487b-b84e-dc297851eeb8
KXALEAGUEGAME-25NOV08WPHAUC-WPH,2025-11-08T07:01:58.843267Z,0.06,35,yes,09f84c90-fa39-437c-9120-5b9314fda73d
KXALEAGUEGAME-25NOV08WPHAUC-WPH,2025-11-08T07:00:06.2227Z,0.06,156,yes,51bde270-2f29-51e8-51bc-123c9668b5b5
KXALEAGUEGAME-25NOV08WPHAUC-WPH,2025-11-08T06:57:18.205481Z,0.1,133,no,59c7fe01-f0cd-5104-71e1-13aa46fd04b7
KXALEAGUEGAME-25NOV08WPHAUC-WPH,2025-11-08T06:57:18.171817Z,0.1,173,no,82f20c33-fc81-613c-004a-212448488707
KXALEAGUEGAME-25NOV08WPHAUC-WPH,2025-11-08T06:57:12.455014Z,0.1,75,no,cdfb9d16-6395-7410-d675-28928a93677f
KXALEAGUEGAME-25NOV08WPHAUC-WPH,2025-11-08T06:57:07.15603Z,0.1,75,no,b60e99ea-4789-4ec4-49c6-ec6711b296a3
KXALEAGUEGAME-25NOV08WPHAUC-WPH,2025-11-08T06:57:01.057664Z,0.1,75,no,e02a6089-9b38-43b0-924f-7345ce8fcc42
KXALEAGUEGAME-25NOV08WPHAUC-WPH,2025-11-08T06:56:45.240374Z,0.11,79,no,0facdeac-9bec-47a0-c0ef-a780011dcbfa
KXALEAGUEGAME-25NOV08WPHAUC-WPH,2025-11-08T06:56:30.59964Z,0.07,1,no,743acbaa-3a66-59a7-1043-4640a5e376ed
KXALEAGUEGAME-25NOV08WPHAUC-WPH,2025-11-08T06:55:55.314305Z,0.17,28,yes,91179714-0160-739c-56c4-8ed4c5e95f90
KXALEAGUEGAME-25NOV08WPHAUC-WPH,2025-11-08T06:55:55.314305Z,0.09,39,yes,6f39908b-0653-7905-7e27-f9ea07472426
KXALEAGUEGAME-25NOV08WPHAUC-WPH,2025-11-08T06:55:55.314305Z,0.15,39,yes,6a75b80f-6185-70df-653b-4cfc937b1d8e
KXALEAGUEGAME-25NOV08WPHAUC-WPH,2025-11-08T06:55:55.314305Z,0.13,39,yes,2416fbe5-c55b-727f-7b5a-708d81a33a43
KXALEAGUEGAME-25NOV08WPHAUC-WPH,2025-11-08T06:55:55.314305Z,0.11,39,yes,0cae28d2-274c-78d8-42dc-ac89f549acad
KXALEAGUEGAME-25NOV08WPHAUC-WPH,2025-11-08T06:54:43.723981Z,0.08,18,yes,6db32292-6aa3-506a-47cf-f76f84452c90
KXALEAGUEGAME-25NOV08WPHAUC-WPH,2025-11-08T06:53:11.839726Z,0.05,1,no,4c000431-c9f5-7e98-1a4f-b3a377280efc
KXALEAGUEGAME-25NOV08WPHAUC-WPH,2025-11-08T06:52:53.927082Z,0.06,72,no,eba5cb46-edd3-78a3-5ce9-b0fd294180e1
KXALEAGUEGAME-25NOV08WPHAUC-WPH,2025-11-08T06:51:25.650131Z,0.11,42,yes,54a00543-6adb-52d4-930f-b59e12a94a15
KXALEAGUEGAME-25NOV08WPHAUC-WPH,2025-11-08T06:51:19.375741Z,0.06,37,no,76cc840b-6fe2-4f5b-fb60-3f0a8a97276d
KXALEAGUEGAME-25NOV08WPHAUC-WPH,2025-11-08T06:51:15.624314Z,0.2,6,yes,837a1134-474e-76aa-a564-e981a2cd9dd1
KXALEAGUEGAME-25NOV08WPHAUC-WPH,2025-11-08T06:51:15.624314Z,0.19,3,yes,636d4be0-7b35-7058-8870-0d064685be7c
KXALEAGUEGAME-25NOV08WPHAUC-WPH,2025-11-08T06:50:49.023925Z,0.06,76,no,50071c12-6296-4ed3-8526-7cf4fe0b01d5
KXALEAGUEGAME-25NOV08WPHAUC-WPH,2025-11-08T06:48:21.02716Z,0.24,47,yes,b978c147-e41e-4576-cf9e-881881de74c4
KXALEAGUEGAME-25NOV08WPHAUC-WPH,2025-11-08T06:48:21.02716Z,0.23,54,yes,7876121f-69c9-44a6-df83-7e926adf5037
KXALEAGUEGAME-25NOV08WPHAUC-WPH,2025-11-08T06:47:47.037912Z,0.24,487,yes,b545e25d-2ebe-75de-3164-b597abd4b554
KXALEAGUEGAME-25NOV08WPHAUC-WPH,2025-11-08T06:47:47.037912Z,0.23,77,yes,7d23c21a-9a0e-7736-2c8c-cd5ab6d17ff5
KXALEAGUEGAME-25NOV08WPHAUC-WPH,2025-11-08T06:46:50.832597Z,0.06,119,no,3698d872-a2a6-5f57-7fff-5da0b6f92e41
KXALEAGUEGAME-25NOV08WPHAUC-WPH,2025-11-08T06:46:39.88953Z,0.23,2,yes,c8f05aa2-9b01-59d3-d5e3-4280a7a18f82
KXALEAGUEGAME-25NOV08WPHAUC-WPH,2025-11-08T06:46:23.447262Z,0.06,12,no,ded57aff-f48e-62c7-1a2a-6385a0ba7d8d
KXALEAGUEGAME-25NOV08WPHAUC-WPH,2025-11-08T06:45:43.185368Z,0.06,752,no,13447f85-332a-49cf-c7d5-135868a90045
KXALEAGUEGAME-25NOV08WPHAUC-WPH,2025-11-08T06:45:34.330084Z,0.23,2,yes,2c6aafd6-62ae-686e-4fa3-32ef76c2bb62
KXALEAGUEGAME-25NOV08WPHAUC-WPH,2025-11-08T06:43:36.980866Z,0.23,12,yes,bfebe48c-60a7-4959-b106-a78fd4028e3d
KXALEAGUEGAME-25NOV08WPHAUC-WPH,2025-11-08T06:43:36.980866Z,0.24,8,yes,39732ffc-adaa-4bca-bb8a-34cf43f38914
KXALEAGUEGAME-25NOV08WPHAUC-WPH,2025-11-08T06:43:09.123934Z,0.23,1,yes,c01e6eac-189d-4136-7da2-d5daee83283b
KXALEAGUEGAME-25NOV08WPHAUC-WPH,2025-11-08T06:43:09.123934Z,0.24,18,yes,997e2cd8-2592-4736-5cc2-bb3fe0745950
KXALEAGUEGAME-25NOV08WPHAUC-WPH,2025-11-08T06:41:55.88541Z,0.06,4,no,2c074d33-44e6-6b17-8d3f-2d0c42c3fd7d
KXALEAGUEGAME-25NOV08WPHAUC-WPH,2025-11-08T06:39:34.986085Z,0.05,2,no,d2af31da-308f-52da-fa73-ae9f67a05a19
KXALEAGUEGAME-25NOV08WPHAUC-WPH,2025-11-08T06:39:21.336722Z,0.19,3,yes,e53c0efd-da7c-4f4e-3c0d-30b127840ab9
KXALEAGUEGAME-25NOV08WPHAUC-WPH,2025-11-08T06:39:21.336722Z,0.18,19,yes,c5c6819b-121a-4dbb-302d-4242a73cd1de
KXALEAGUEGAME-25NOV08WPHAUC-WPH,2025-11-08T06:39:21.336722Z,0.25,52,yes,38cfb226-8fa3-4d45-0407-18a71226f71a
KXALEAGUEGAME-25NOV08WPHAUC-WPH,2025-11-08T06:38:08.386546Z,0.19,7,yes,82d7e66c-5898-482a-b451-f2a68827163d
KXALEAGUEGAME-25NOV08WPHAUC-WPH,2025-11-08T06:38:08.386546Z,0.19,17,yes,720750ae-a407-448b-8160-4accaa3fde64
KXALEAGUEGAME-25NOV08WPHAUC-WPH,2025-11-08T06:37:54.365795Z,0.1,2,yes,a66de3ad-499e-4a1a-7175-0baa48919310
KXALEAGUEGAME-25NOV08WPHAUC-WPH,2025-11-08T06:37:54.365795Z,0.19,48,yes,8294989b-5d03-442b-6e27-045c138844a0
KXALEAGUEGAME-25NOV08WPHAUC-WPH,2025-11-08T06:37:27.61171Z,0.04,6,no,700eb1f0-2938-50a6-8114-7e6ab03e447f
KXALEAGUEGAME-25NOV08WPHAUC-WPH,2025-11-08T06:36:50.251592Z,0.04,90,no,eb9fd6f0-bc54-77ae-19bc-c40d4917aa43
KXALEAGUEGAME-25NOV08WPHAUC-WPH,2025-11-08T06:36:36.717576Z,0.1,20,no,ce29b038-60f3-6520-ba6a-e71b887c0999
KXALEAGUEGAME-25NOV08WPHAUC-WPH,2025-11-08T06:36:30.358237Z,0.19,10,no,bb709d3a-bcb4-5a67-e8ef-48a0b5f095cc
KXALEAGUEGAME-25NOV08WPHAUC-WPH,2025-11-08T06:36:23.889424Z,0.19,23,no,0e52c474-21a8-5153-0219-a294b890d920
KXALEAGUEGAME-25NOV08WPHAUC-WPH,2025-11-08T06:36:23.84881Z,0.19,75,no,758aa86d-15ec-5e37-d4f6-d05acfa08294
KXALEAGUEGAME-25NOV08WPHAUC-WPH,2025-11-08T06:36:18.401446Z,0.19,75,no,6711cb8e-f664-6ef7-6a18-2b7c644bb570
KXALEAGUEGAME-25NOV08WPHAUC-WPH,2025-11-08T06:36:17.13859Z,0.19,29,no,155a4a4a-7aa8-469b-fee9-9598b887e83c
KXALEAGUEGAME-25NOV08WPHAUC-WPH,2025-11-08T06:36:13.896253Z,0.19,100,no,55118f71-4804-55ab-bcba-6583bf1af2a0
KXALEAGUEGAME-25NOV08WPHAUC-WPH,2025-11-08T06:36:08.60513Z,0.19,10,no,e5c192c4-7edc-5a67-6f1a-df47a9cdcf50
KXALEAGUEGAME-25NOV08WPHAUC-WPH,2025-11-08T06:36:04.913085Z,0.19,4,no,bd0008dd-b094-5843-cbc3-0843f3c415ac
KXALEAGUEGAME-25NOV08WPHAUC-WPH,2025-11-08T06:36:00.89282Z,0.19,12,no,418c8b3d-abc4-5997-adb0-f4e7ba75cce4
KXALEAGUEGAME-25NOV08WPHAUC-WPH,2025-11-08T06:35:22.947274Z,0.19,462,no,3e85e9fb-f134-5ff7-ea38-4444010c2874
KXALEAGUEGAME-25NOV08WPHAUC-WPH,2025-11-08T06:34:11.122181Z,0.2,45,yes,d6cd84f1-b9cf-7943-4e9e-4f2fdc2ee9d0
KXALEAGUEGAME-25NOV08WPHAUC-WPH,2025-11-08T06:34:11.122181Z,0.2,2,yes,37db2474-1983-76a6-526e-cf34bb2e5566
KXALEAGUEGAME-25NOV08WPHAUC-WPH,2025-11-08T06:33:06.829247Z,0.21,106,yes,a654386a-f59c-61f5-c6b1-23d89aa2f00a
KXALEAGUEGAME-25NOV08WPHAUC-WPH,2025-11-08T06:33:06.829247Z,0.21,29,yes,74b3a1f2-bf7b-6f05-cbc9-f9d1a9efc862
KXALEAGUEGAME-25NOV08WPHAUC-WPH,2025-11-08T06:33:06.829247Z,0.2,95,yes,559789d0-0c2d-62b9-c785-582b806f577c
KXALEAGUEGAME-25NOV08WPHAUC-WPH,2025-11-08T06:32:57.390847Z,0.2,1,no,a14907ed-3391-771c-cf1c-3cdab5a28217
KXALEAGUEGAME-25NOV08WPHAUC-WPH,2025-11-08T06:32:10.015242Z,0.25,19,yes,6fde068e-16ee-52eb-bd91-97be4b17464c
KXALEAGUEGAME-25NOV08WPHAUC-WPH,2025-11-08T06:31:53.764718Z,0.2,2,no,bfb2fa37-3b8d-53ea-9d76-7510248a98f3
KXALEAGUEGAME-25NOV08WPHAUC-WPH,2025-11-08T06:31:48.954166Z,0.21,112,yes,f74120c3-5785-642c-7599-5c98ca0df699
KXALEAGUEGAME-25NOV08WPHAUC-WPH,2025-11-08T06:30:23.608223Z,0.22,61,yes,aba3e21b-e0ca-5bc5-c7a7-ed2ecd3e8df0
KXALEAGUEGAME-25NOV08WPHAUC-WPH,2025-11-08T06:30:23.608223Z,0.22,30,yes,6a06d4e6-6209-5f03-c378-a886d52f2e3b
KXALEAGUEGAME-25NOV08WPHAUC-WPH,2025-11-08T06:30:05.390849Z,0.25,30,yes,eb200f9f-3984-5ae9-e62c-96db58667603
KXALEAGUEGAME-25NOV08WPHAUC-WPH,2025-11-08T06:29:54.68047Z,0.22,30,yes,c47ea60b-0701-5c36-2322-dbba255c93bc
KXALEAGUEGAME-25NOV08WPHAUC-WPH,2025-11-08T06:29:54.68047Z,0.23,26,yes,bbb2d16e-27f0-593b-3cee-0b37bb9695ec
KXALEAGUEGAME-25NOV08WPHAUC-WPH,2025-11-08T06:29:54.68047Z,0.22,26,yes,2275cd5f-3542-5b3d-0d34-20af7389980e
KXALEAGUEGAME-25NOV08WPHAUC-WPH,2025-11-08T06:29:42.610955Z,0.19,24,no,c1d1c4b2-c655-592c-a70c-e561c587cef6
KXALEAGUEGAME-25NOV08WPHAUC-WPH,2025-11-08T06:29:42.610955Z,0.2,30,no,925b82bd-1173-52c5-b18a-f3dfb0d27b38
KXALEAGUEGAME-25NOV08WPHAUC-WPH,2025-11-08T06:28:30.174014Z,0.64,6,yes,25477de7-a535-7a7e-8110-71837a4a1f4f
KXALEAGUEGAME-25NOV08WPHAUC-WPH,2025-11-08T06:27:49.002003Z,0.74,50,yes,c3e2cb02-33eb-6235-adbd-b24df63074b7
KXALEAGUEGAME-25NOV08WPHAUC-WPH,2025-11-08T06:27:49.002003Z,0.25,96,yes,ab5de3cc-dda2-6fa2-9943-d2d43f4b5aa6
KXALEAGUEGAME-25NOV08WPHAUC-WPH,2025-11-08T06:27:49.002003Z,0.23,50,yes,a7ec9dee-ee4c-6453-9186-8f6ced54d285
KXALEAGUEGAME-25NOV08WPHAUC-WPH,2025-11-08T06:27:49.002003Z,0.22,30,yes,9028254a-e5ae-6c61-bd22-b71d0d593998
KXALEAGUEGAME-25NOV08WPHAUC-WPH,2025-11-08T06:27:49.002003Z,0.75,3,yes,8505e350-9863-65e9-b08a-3f281e12e3e0
KXALEAGUEGAME-25NOV08WPHAUC-WPH,2025-11-08T06:27:49.002003Z,0.46,1,yes,4a79b8ca-d27e-6d1f-b683-5b66b0198e96
KXALEAGUEGAME-25NOV08WPHAUC-WPH,2025-11-08T06:27:49.002003Z,0.24,60,yes,04665353-4eaa-66d7-b497-91a650894700
KXALEAGUEGAME-25NOV08WPHAUC-WPH,2025-11-08T06:27:49.002003Z,0.22,50,yes,01c67517-8232-65fa-a200-2c937df84cb9
KXALEAGUEGAME-25NOV08WPHAUC-WPH,2025-11-08T06:25:25.142398Z,0.32,72,yes,f7c274b2-2205-5f5d-6648-18d2e8957c93
KXALEAGUEGAME-25NOV08WPHAUC-WPH,2025-11-08T06:25:25.142398Z,0.3,4,yes,664e6976-fb4d-5ae5-7cdf-efdfd68a4d05
KXALEAGUEGAME-25NOV08WPHAUC-WPH,2025-11-08T06:25:25.142398Z,0.32,3,yes,6556b8c1-4cae-58d9-5c54-b98c318e88e8
KXALEAGUEGAME-25NOV08WPHAUC-WPH,2025-11-08T06:25:25.142398Z,0.31,11,yes,4390781a-2fd9-57a4-4466-7fcef9457850
KXALEAGUEGAME-25NOV08WPHAUC-WPH,2025-11-08T06:24:48.331572Z,0.32,3,no,2139b53a-c346-562d-f3ef-e421666c17b8
KXALEAGUEGAME-25NOV08WPHAUC-WPH,2025-11-08T06:24:39.414678Z,0.32,56,yes,0d1cb250-da16-437b-1540-5f4ac7d0ec00
KXALEAGUEGAME-25NOV08WPHAUC-WPH,2025-11-08T06:24:32.437807Z,0.32,61,yes,8072d6eb-cd24-5a1c-ec75-5e05f2c830a7
KXALEAGUEGAME-25NOV08WPHAUC-WPH,2025-11-08T06:23:55.798735Z,0.36,2,yes,525b1500-58f0-4a0b-96e8-2674a69610fe
KXALEAGUEGAME-25NOV08WPHAUC-WPH,2025-11-08T06:23:55.798735Z,0.36,4,yes,08f8d0ac-85d1-4a02-9708-55d45a621923
KXALEAGUEGAME-25NOV08WPHAUC-WPH,2025-11-08T06:23:55.798735Z,0.35,48,yes,07c240a4-1328-41a3-a2a2-003361fcd390
KXALEAGUEGAME-25NOV08WPHAUC-WPH,2025-11-08T06:22:55.08289Z,0.26,49,yes,fa981e58-e9c6-62f9-7e6e-a109f337fdbd
KXALEAGUEGAME-25NOV08WPHAUC-WPH,2025-11-08T06:22:55.08289Z,0.24,49,yes,8ff52526-15bc-61b0-7649-dca72dd32646
KXALEAGUEGAME-25NOV08WPHAUC-WPH,2025-11-08T06:22:55.08289Z,0.25,30,yes,671179cd-3320-66a0-68d0-786423af1a64
KXALEAGUEGAME-25NOV08WPHAUC-WPH,2025-11-08T06:22:55.08289Z,0.27,13,yes,05b25ff2-96a8-6d74-718d-7f36dba8a124
KXALEAGUEGAME-25NOV08WPHAUC-WPH,2025-11-08T06:22:11.468437Z,0.29,14,yes,866a19dd-95c6-5508-d665-abed2290d638
KXALEAGUEGAME-25NOV08WPHAUC-WPH,2025-11-08T06:22:11.468437Z,0.27,30,yes,405ba4cd-81ba-5a0f-eb1f-47452391f536
KXALEAGUEGAME-25NOV08WPHAUC-WPH,2025-11-08T06:22:11.468437Z,0.26,27,yes,0f638b7c-6d07-5543-faa1-7c81c725d75b
KXALEAGUEGAME-25NOV08WPHAUC-WPH,2025-11-08T06:22:11.468437Z,0.27,35,yes,0798109f-3c0e-5220-f0bc-efbd27940e3e
KXALEAGUEGAME-25NOV08WPHAUC-WPH,2025-11-08T06:22:09.721045Z,0.26,8,yes,65b9f167-671b-4f23-3edd-660f977aadd7
KXALEAGUEGAME-25NOV08WPHAUC-WPH,2025-11-08T06:21:52.145244Z,0.35,22,yes,b2ac5e10-229d-5854-430b-7610b49823c4
KXALEAGUEGAME-25NOV08WPHAUC-WPH,2025-11-08T06:21:46.955839Z,0.23,30,yes,b27ff9e3-139b-6072-7d12-13b0d39fc248
KXALEAGUEGAME-25NOV08WPHAUC-WPH,2025-11-08T06:21:46.955839Z,0.24,1,yes,5ccd2045-077d-6147-4616-4e073b524c66
KXALEAGUEGAME-25NOV08WPHAUC-WPH,2025-11-08T06:21:46.955839Z,0.23,10,yes,2e4ff0ff-8728-602a-69e1-f81286cfc8ce
KXALEAGUEGAME-25NOV08WPHAUC-WPH,2025-11-08T06:21:43.215384Z,0.23,16,yes,8eb532ef-2f08-67de-b523-ff305b1690c6
KXALEAGUEGAME-25NOV08WPHAUC-WPH,2025-11-08T06:21:38.689938Z,0.23,4,yes,07fa9353-8418-70f2-ca0b-4b088ecd2a72
KXALEAGUEGAME-25NOV08WPHAUC-WPH,2025-11-08T06:21:08.066525Z,0.3,9,yes,d906a048-6a68-59c0-ef78-01559391a63b
KXALEAGUEGAME-25NOV08WPHAUC-WPH,2025-11-08T06:21:08.066525Z,0.29,30,yes,7b81f18a-4193-555b-d45d-d2bc11bd5434
KXALEAGUEGAME-25NOV08WPHAUC-WPH,2025-11-08T06:20:30.266432Z,0.24,7,yes,39b315d9-acec-5c0a-7fee-68326997e628
KXALEAGUEGAME-25NOV08WPHAUC-WPH,2025-11-08T06:20:22.075811Z,0.32,2,yes,076b44d0-3622-75fd-18a4-5d76d09a9954
KXALEAGUEGAME-25NOV08WPHAUC-WPH,2025-11-08T06:20:08.619881Z,0.28,5,no,6df15e4b-dfe4-54c2-21ba-be37c5d2c60b
KXALEAGUEGAME-25NOV08WPHAUC-WPH,2025-11-08T06:19:48.413596Z,0.25,30,yes,f91d462c-a339-69e9-afaf-0b59eeffdf51
KXALEAGUEGAME-25NOV08WPHAUC-WPH,2025-11-08T06:19:48.413596Z,0.26,33,yes,bfd95efc-8bc0-6879-9b8e-8f3d36c2e07d
KXALEAGUEGAME-25NOV08WPHAUC-WPH,2025-11-08T06:19:48.413596Z,0.24,32,yes,8c2d9ac3-c280-63b1-be13-e49fabe0da2c
KXALEAGUEGAME-25NOV08WPHAUC-WPH,2025-11-08T06:19:48.413596Z,0.27,28,yes,10b549d1-efb2-6589-b536-b8d33583d580
KXALEAGUEGAME-25NOV08WPHAUC-WPH,2025-11-08T06:18:54.193916Z,0.45,3,yes,57772eb7-7f11-4f0c-b495-b40230889f38
KXALEAGUEGAME-25NOV08WPHAUC-WPH,2025-11-08T06:18:45.574168Z,0.25,26,yes,e1d8b6b6-e7f1-7fe2-efb5-5852d2f2b4be
KXALEAGUEGAME-25NOV08WPHAUC-WPH,2025-11-08T06:18:45.574168Z,0.26,27,yes,83ea3f44-db33-7e9a-eee7-2654f991c4a3
KXALEAGUEGAME-25NOV08WPHAUC-WPH,2025-11-08T06:18:45.574168Z,0.89,4,yes,69ba69f0-4cda-7259-d99e-f9ea4bbe4533
KXALEAGUEGAME-25NOV08WPHAUC-WPH,2025-11-08T06:18:45.574168Z,0.24,27,yes,5ef1f408-996c-7ba8-f8c8-559b6d1f6883
KXALEAGUEGAME-25NOV08WPHAUC-WPH,2025-11-08T06:18:45.574168Z,0.27,26,yes,48a7a068-67ba-7567-ee36-4610f666b7c4
KXALEAGUEGAME-25NOV08WPHAUC-WPH,2025-11-08T06:18:45.574168Z,0.25,30,yes,17fe03c4-5e66-74d4-ce6a-e9d8bcb2ca27
KXALEAGUEGAME-25NOV08WPHAUC-WPH,2025-11-08T06:18:41.99851Z,0.24,4,no,0fedf99f-93d4-5ea8-2b05-5c805cf54635
KXALEAGUEGAME-25NOV08WPHAUC-WPH,2025-11-08T06:18:41.962667Z,0.24,27,yes,3c77c8a7-e243-67e1-a3e7-2b93dd5f5751
KXALEAGUEGAME-25NOV08WPHAUC-WPH,2025-11-08T06:18:40.177395Z,0.24,31,no,7e927d84-ce1d-7934-9a04-2a62712f042b
KXALEAGUEGAME-25NOV08WPHAUC-WPH,2025-11-08T06:16:11.502656Z,0.26,30,yes,cdd2e2da-f231-5c64-1eaf-aa93ea8312c9
KXALEAGUEGAME-25NOV08WPHAUC-WPH,2025-11-08T06:16:11.502656Z,0.27,25,yes,a89a1fc7-823a-5e16-04ec-ab77a5eb38e5
KXALEAGUEGAME-25NOV08WPHAUC-WPH,2025-11-08T06:16:11.502656Z,0.26,35,yes,8535e59b-7c58-50c7-0faa-3045759a9a98
KXALEAGUEGAME-25NOV08WPHAUC-WPH,2025-11-08T06:15:04.777875Z,0.26,36,yes,2106c5ab-b478-6ab8-a8e4-1ef6d5146338
KXALEAGUEGAME-25NOV08WPHAUC-WPH,2025-11-08T06:14:21.769107Z,0.25,2,yes,cc755334-fe8d-6961-8782-05547cf3b564
KXALEAGUEGAME-25NOV08WPHAUC-WPH,2025-11-08T06:14:12.755228Z,0.28,11,yes,14e890e6-e319-5cff-5f4d-b8c553a9a49c
KXALEAGUEGAME-25NOV08WPHAUC-WPH,2025-11-08T06:13:43.50197Z,0.24,51,yes,a2519a66-5692-7099-43db-966457a65b38
KXALEAGUEGAME-25NOV08WPHAUC-WPH,2025-11-08T06:13:43.50197Z,0.27,2,yes,8b341be3-35cd-78c4-6257-a374cace5f22
KXALEAGUEGAME-25NOV08WPHAUC-WPH,2025-11-08T06:13:43.50197Z,0.26,51,yes,7c73e774-1108-7d0b-4873-be2e5f65efd5
KXALEAGUEGAME-25NOV08WPHAUC-WPH,2025-11-08T06:13:43.50197Z,0.25,51,yes,29d2a21b-fa3e-79dd-7173-162fa16837ce
KXALEAGUEGAME-25NOV08WPHAUC-WPH,2025-11-08T06:13:43.50197Z,0.24,30,yes,0426a245-c509-7c41-789e-8be43e94f480
KXALEAGUEGAME-25NOV08WPHAUC-WPH,2025-11-08T06:13:25.95041Z,0.2,1,no,f170cad2-3379-7e0e-0a26-2acb56cb2ec6
KXALEAGUEGAME-25NOV08WPHAUC-WPH,2025-11-08T06:12:21.402915Z,0.2,10,no,53f258ee-7688-6f14-94c9-af8efabd2ec9
KXALEAGUEGAME-25NOV08WPHAUC-WPH,2025-11-08T06:12:13.482138Z,0.65,15,yes,b01dd8e5-35c3-7a64-da5b-58c6b9e6275f
KXALEAGUEGAME-25NOV08WPHAUC-WPH,2025-11-08T06:11:18.92102Z,0.91,16,yes,f4b9edac-4886-5c7a-e4c8-7d8278b7fccf
KXALEAGUEGAME-25NOV08WPHAUC-WPH,2025-11-08T06:11:10.025108Z,0.59,10,yes,bf8ed9c9-0b1e-7618-8980-44bdcc2325b4
KXALEAGUEGAME-25NOV08WPHAUC-WPH,2025-11-08T06:11:10.025108Z,0.29,49,yes,876012d4-ca6b-7754-bbc4-cbb1eeab55e3
KXALEAGUEGAME-25NOV08WPHAUC-WPH,2025-11-08T06:11:10.025108Z,0.92,31,yes,3148bf83-f807-77dd-b29a-3eee74b6c049
KXALEAGUEGAME-25NOV08WPHAUC-WPH,2025-11-08T06:10:27.975899Z,0.29,65,yes,49d139d2-ac73-7fd4-2df5-75611922be3f
KXALEAGUEGAME-25NOV08WPHAUC-WPH,2025-11-08T06:10:24.092092Z,0.28,48,yes,78a19897-ce3d-4f14-cb4a-fb00996688f6
KXALEAGUEGAME-25NOV08WPHAUC-WPH,2025-11-08T06:10:24.092092Z,0.29,19,yes,2bd8c31a-987f-42fc-e1ac-d89a69faf393
KXALEAGUEGAME-25NOV08WPHAUC-WPH,2025-11-08T06:10:18.179768Z,0.14,5,yes,89620edf-d8a3-5634-ab33-aaee8e8d1f8b
KXALEAGUEGAME-25NOV08WPHAUC-WPH,2025-11-08T06:10:18.179768Z,0.15,10,yes,175e9741-c16f-53f1-9586-a8fd3a876e88
KXALEAGUEGAME-25NOV08WPHAUC-WPH,2025-11-08T06:07:47.058202Z,0.07,19,yes,129c78ef-def4-7c06-98b7-f045d52a00ac
KXALEAGUEGAME-25NOV08WPHAUC-WPH,2025-11-08T06:07:26.107352Z,0.06,21,no,557f0a0a-1e5d-7f75-9bdb-cdf4b46deafb
KXALEAGUEGAME-25NOV08WPHAUC-WPH,2025-11-08T06:07:26.107352Z,0.07,5,no,1624b34b-e01f-7c31-8b3c-fb2b2d45f376
KXALEAGUEGAME-25NOV08WPHAUC-WPH,2025-11-08T06:06:07.087214Z,0.13,19,no,95cc3e8b-b137-7fa9-3a07-93c8a60c7e55
KXALEAGUEGAME-25NOV08WPHAUC-WPH,2025-11-08T06:05:21.022975Z,0.12,153,yes,e766fee1-054b-6a17-a785-47c93fb1f553
KXALEAGUEGAME-25NOV08WPHAUC-WPH,2025-11-08T06:05:21.022975Z,0.1,30,yes,37c7b6e0-4237-68e8-a3cd-9e282401329b
KXALEAGUEGAME-25NOV08WPHAUC-WPH,2025-11-08T06:05:21.022975Z,0.13,63,yes,00abd630-9389-68b4-ac59-25a1d7b37c8a
KXALEAGUEGAME-25NOV08WPHAUC-WPH,2025-11-08T06:05:21.022975Z,0.11,153,yes,0094ff65-ae5b-65a3-8bb8-36499e2d2ed6
KXALEAGUEGAME-25NOV08WPHAUC-WPH,2025-11-08T06:04:39.779714Z,0.06,16,no,40a8ff09-ad1f-7a56-cd8b-9bebfa5db334
KXALEAGUEGAME-25NOV08WPHAUC-WPH,2025-11-08T06:03:26.527462Z,0.12,960,no,ebb2bf22-ba66-4440-60af-fca07f3668ed
KXALEAGUEGAME-25NOV08WPHAUC-WPH,2025-11-08T06:02:56.693296Z,0.28,3,yes,36981c34-dab0-7139-def9-69b1865ec0b4
KXALEAGUEGAME-25NOV08WPHAUC-WPH,2025-11-08T06:02:09.727485Z,0.12,40,no,948070df-73fa-6584-1c1f-5814955f05ed
KXALEAGUEGAME-25NOV08WPHAUC-WPH,2025-11-08T06:02:09.727485Z,0.13,38,no,071abadc-b36d-6aac-37a8-acd2edcf621d
KXALEAGUEGAME-25NOV08WPHAUC-WPH,2025-11-08T05:59:47.997934Z,0.28,48,yes,b5a93d68-2049-6e9f-79a3-2311d0d03242
KXALEAGUEGAME-25NOV08WPHAUC-WPH,2025-11-08T05:59:47.997934Z,0.29,2,yes,04ad5905-4493-6438-5cfa-26e6e85080f3
KXALEAGUEGAME-25NOV08WPHAUC-WPH,2025-11-08T05:56:06.291205Z,0.29,6,yes,bbcd23ff-379b-4e6c-b0c1-0988120fdeab
KXALEAGUEGAME-25NOV08WPHAUC-WPH,2025-11-08T05:56:06.291205Z,0.28,27,yes,11a00fd5-9777-4ccb-8f65-117e0eb42081
KXALEAGUEGAME-25NOV08WPHAUC-WPH,2025-11-08T05:53:33.20246Z,0.28,3,yes,f8669629-c9e3-553b-a842-dfe4c13158a9
KXALEAGUEGAME-25NOV08WPHAUC-WPH,2025-11-08T05:48:00.992343Z,0.3,3170,yes,aaf596ba-af59-7a63-d5ec-9dbcf6c0ab1f
KXALEAGUEGAME-25NOV08WPHAUC-WPH,2025-11-08T05:48:00.992343Z,0.29,7,yes,48fab76c-fe8c-736a-e26d-dbcceb5829c2
KXALEAGUEGAME-25NOV08WPHAUC-WPH,2025-11-08T05:47:44.39223Z,0.29,16,yes,8b0c9ad1-084c-43c2-74cf-6a140f85a90e
KXALEAGUEGAME-25NOV08WPHAUC-WPH,2025-11-08T05:47:05.479962Z,0.29,9,yes,ac413634-ad90-640e-047b-b98b3a93cc6e
KXALEAGUEGAME-25NOV08WPHAUC-WPH,2025-11-08T05:47:03.682919Z,0.29,16,yes,3a7a35e3-c164-4872-38b9-2268c0acc286
KXALEAGUEGAME-25NOV08WPHAUC-WPH,2025-11-08T05:40:59.060041Z,0.3,112,yes,db61a329-9455-5c37-0e99-314b39df8167
KXALEAGUEGAME-25NOV08WPHAUC-WPH,2025-11-08T05:40:59.060041Z,0.29,48,yes,b084f2c1-b98a-5833-0c0a-6f63c8c4df0e
KXALEAGUEGAME-25NOV08WPHAUC-WPH,2025-11-08T05:40:38.761799Z,0.3,36,yes,88874d92-f429-5807-ace3-4cc198d7656f
KXALEAGUEGAME-25NOV08WPHAUC-WPH,2025-11-08T05:40:38.761799Z,0.29,48,yes,6d8f0b13-9718-50c6-bf46-f2e9472cfd53
KXALEAGUEGAME-25NOV08WPHAUC-WPH,2025-11-08T05:37:53.964746Z,0.3,79,yes,067c60f2-b039-7643-86a2-898e85add7ff
KXALEAGUEGAME-25NOV08WPHAUC-WPH,2025-11-08T05:35:42.935211Z,0.3,38,yes,db615ab7-2345-5e37-c5be-1c5472e61013
KXALEAGUEGAME-25NOV08WPHAUC-WPH,2025-11-08T05:35:42.910566Z,0.3,111,yes,ee10896f-e111-6ea3-ff7e-2e8dea071023
KXALEAGUEGAME-25NOV08WPHAUC-WPH,2025-11-08T05:25:33.129575Z,0.3,10,yes,8f2a6e36-ae9d-48f7-7252-878095877333
KXALEAGUEGAME-25NOV08WPHAUC-WPH,2025-11-08T05:23:52.168798Z,0.3,34,yes,55f3b682-5745-493b-0e75-f5f7bde2b0bf
