ticker,created_time,price,count,taker_side,trade_id
KXALEAGUEGAME-25NOV09BRRNUJ-NUJ,2025-11-09T08:00:51.533589Z,0.01,104,yes,47f1cad4-c030-78c8-65ca-943934826b58
KXALEAGUEGAME-25NOV09BRRNUJ-NUJ,2025-11-09T07:46:51.567929Z,0.01,679,yes,14a73a87-b6cc-613c-95b1-6affd199907c
KXALEAGUEGAME-25NOV09BRRNUJ-NUJ,2025-11-09T07:46:27.032873Z,0.01,72,yes,935d2b37-1530-7795-bef7-61cbfd3c6715
KXALEAGUEGAME-25NOV09BRRNUJ-NUJ,2025-11-09T07:46:27.032873Z,0.01,21,yes,0c2f8d6c-0ed8-7798-89f4-e0c61f57a560
KXALEAGUEGAME-25NOV09BRRNUJ-NUJ,2025-11-09T07:42:56.685435Z,0.01,93,yes,f3c4ab96-c130-4069-390d-35d8569b5965
KXALEAGUEGAME-25NOV09BRRNUJ-NUJ,2025-11-09T07:39:10.861637Z,0.01,158,no,75271f88-6203-448c-426e-ea7e0f95bdfc
KXALEAGUEGAME-25NOV09BRRNUJ-NUJ,2025-11-09T07:39:10.813689Z,0.01,79,no,f860d467-558f-503c-bda1-caa68acf4fac
KXALEAGUEGAME-25NOV09BRRNUJ-NUJ,2025-11-09T07:39:10.813689Z,0.01,100,no,e874e1eb-51e8-5425-b9be-6cfbfc3a0fe3
KXALEAGUEGAME-25NOV09BRRNUJ-NUJ,2025-11-09T07:39:10.813689Z,0.01,133,no,60fdb26f-df93-5b6c-823b-42497e59965b
KXALEAGUEGAME-25NOV09BRRNUJ-NUJ,2025-11-09T07:38:52.948035Z,0.01,32,no,3de644a7-1ebf-4c10-6f75-a52eae47102b
KXALEAGUEGAME-25NOV09BRRNUJ-NUJ,2025-11-09T07:38:37.994828Z,0.1,9,yes,49276db5-1e9c-4993-23f0-3195be081874
KXALEAGUEGAME-25NOV09BRRNUJ-NUJ,2025-11-09T07:38:34.050646Z,0.1,1,yes,a50deb92-34e0-4e53-663c-5a1c002014c0
KXALEAGUEGAME-25NOV09BRRNUJ-NUJ,2025-11-09T07:38:22.507439Z,0.11,25,yes,4ff9d1b9-ffe4-6f27-6cfb-778e9cba82d8
KXALEAGUEGAME-25NOV09BRRNUJ-NUJ,2025-11-09T07:37:03.951799Z,0.1,1,yes,88fb34e3-8ca0-5419-30b1-d57ae0de19b7
KXALEAGUEGAME-25NOV09BRRNUJ-NUJ,2025-11-09T07:35:19.470249Z,0.01,41,no,3b3155d8-08eb-7818-db17-ccda69e9a97b
KXALEAGUEGAME-25NOV09BRRNUJ-NUJ,2025-11-09T07:34:23.46207Z,0.04,23,yes,11ceda78-5346-56ef-f572-2e977cea3a96
KXALEAGUEGAME-25NOV09BRRNUJ-NUJ,2025-11-09T07:33:15.495178Z,0.05,42,no,f911b34d-7369-6073-4c43-5a0a9b6fdd65
KXALEAGUEGAME-25NOV09BRRNUJ-NUJ,2025-11-09T07:31:48.444222Z,0.02,48,yes,b4965f19-7896-4509-bfa3-fb0606900c6b
KXALEAGUEGAME-25NOV09BRRNUJ-NUJ,2025-11-09T07:31:07.227971Z,0.02,46,yes,04dd2439-35e2-773d-9978-882e9f01ce9b
KXALEAGUEGAME-25NOV09BRRNUJ-NUJ,2025-11-09T07:30:59.41702Z,0.01,147,no,2c35a93e-2f57-5868-9b27-983c55677a4b
KXALEAGUEGAME-25NOV09BRRNUJ-NUJ,2025-11-09T07:30:58.191523Z,0.01,147,no,519fd539-408b-47bc-3772-7fe1222ccc6b
KXALEAGUEGAME-25NOV09BRRNUJ-NUJ,2025-11-09T07:30:56.966667Z,0.02,50,no,d091b192-0dc5-5cb8-d354-699917aa06fd
KXALEAGUEGAME-25NOV09BRRNUJ-NUJ,2025-11-09T07:30:56.966667Z,0.02,97,no,a65df0e4-db67-5a8c-de7e-5ce46b53fb66
KXALEAGUEGAME-25NOV09BRRNUJ-NUJ,2025-11-09T07:30:56.809902Z,0.02,50,no,f3a34893-9661-5214-9e77-3ff0eac008a9
KXALEAGUEGAME-25NOV09BRRNUJ-NUJ,2025-11-09T07:30:56.446116Z,0.02,50,no,a110af77-1fa1-4468-2695-6338b08abaad
KXALEAGUEGAME-25NOV09BRRNUJ-NUJ,2025-11-09T07:30:55.803792Z,0.03,6,no,81359f13-740a-4ba8-5ea3-cefa113370dc
KXALEAGUEGAME-25NOV09BRRNUJ-NUJ,2025-11-09T07:30:55.744599Z,0.03,44,no,c2b917d8-84e6-4870-233b-b65beef96a7c
KXALEAGUEGAME-25NOV09BRRNUJ-NUJ,2025-11-09T07:30:55.744599Z,0.03,53,no,beeca064-2aac-4102-282d-b85ed332da06
KXALEAGUEGAME-25NOV09BRRNUJ-NUJ,2025-11-09T07:30:55.744599Z,0.03,50,no,12a80f78-f5e6-4a98-1ceb-a3027f10ec3e
KXALEAGUEGAME-25NOV09BRRNUJ-NUJ,2025-11-09T07:30:55.210557Z,0.03,50,no,dcc169c9-4f8c-701f-e901-3412d8d8ef92
KXALEAGUEGAME-25NOV09BRRNUJ-NUJ,2025-11-09T07:30:54.97731Z,0.03,50,no,d0e431bc-9078-4e7b-b0cb-f30ebe99c43e
KXALEAGUEGAME-25NOV09BRRNUJ-NUJ,2025-11-09T07:30:54.965766Z,0.02,18,no,40988110-6555-7370-32f4-c29997d333d1
KXALEAGUEGAME-25NOV09BRRNUJ-NUJ,2025-11-09T07:30:54.936777Z,0.04,15,yes,99ace876-090d-7312-7638-e217ccbe1ead
KXALEAGUEGAME-25NOV09BRRNUJ-NUJ,2025-11-09T07:30:54.936777Z,0.05,35,yes,10c9773a-776d-747e-6690-f42403378d43
KXALEAGUEGAME-25NOV09BRRNUJ-NUJ,2025-11-09T07:30:54.928107Z,0.03,18,no,480ddf29-61b3-7b15-9302-86ea9cb79e09
KXALEAGUEGAME-25NOV09BRRNUJ-NUJ,2025-11-09T07:30:54.928107Z,0.02,32,no,3f80e902-4685-7ae0-821e-6646d0cc623d
KXALEAGUEGAME-25NOV09BRRNUJ-NUJ,2025-11-09T07:30:54.922339Z,0.03,2,no,b6380f00-24cf-798d-fb6f-babefc9c9279
KXALEAGUEGAME-25NOV09BRRNUJ-NUJ,2025-11-09T07:30:54.922339Z,0.03,33,no,80d19f2c-717b-77a5-c48c-88de1f3a2051
KXALEAGUEGAME-25NOV09BRRNUJ-NUJ,2025-11-09T07:30:54.921156Z,0.03,50,no,9ce07ed2-773f-5a35-b496-2d37df0a2f19
KXALEAGUEGAME-25NOV09BRRNUJ-NUJ,2025-11-09T07:30:54.897463Z,0.04,35,yes,6c9f6bdf-9235-5aaa-95a7-48c6f9240979
KXALEAGUEGAME-25NOV09BRRNUJ-NUJ,2025-11-09T07:30:54.893333Z,0.03,50,no,bbebc447-69af-404d-9aca-b0fc6444d381
KXALEAGUEGAME-25NOV09BRRNUJ-NUJ,2025-11-09T07:30:54.863668Z,0.03,20,no,bceec74a-0227-6455-3890-efaedef614b1
KXALEAGUEGAME-25NOV09BRRNUJ-NUJ,2025-11-09T07:30:54.863668Z,0.03,27,no,008de3df-96f7-6745-1835-52edce4291fc
KXALEAGUEGAME-25NOV09BRRNUJ-NUJ,2025-11-09T07:30:54.852572Z,0.03,50,no,51f58aeb-96bf-5a19-80d7-2a26493c0890
KXALEAGUEGAME-25NOV09BRRNUJ-NUJ,2025-11-09T07:30:54.833878Z,0.04,35,yes,82f7efb4-b0ef-5880-2d7d-4f9244272d31
KXALEAGUEGAME-25NOV09BRRNUJ-NUJ,2025-11-09T07:30:54.672243Z,0.03,50,no,c0303983-bd8f-5a99-2fab-d8a0fd87dba8
KXALEAGUEGAME-25NOV09BRRNUJ-NUJ,2025-11-09T07:30:54.649493Z,0.03,14,no,d3868b0a-cf5b-6cfd-74bd-f4f8dbcff9f3
KXALEAGUEGAME-25NOV09BRRNUJ-NUJ,2025-11-09T07:30:54.649493Z,0.03,36,no,c2998f91-8e87-6ac1-5034-60bb4497b8b0
KXALEAGUEGAME-25NOV09BRRNUJ-NUJ,2025-11-09T07:30:54.634973Z,0.03,50,no,cb48e1af-1783-6cb9-c973-23cced44e457
KXALEAGUEGAME-25NOV09BRRNUJ-NUJ,2025-11-09T07:30:54.608218Z,0.03,50,no,a287fe7e-867f-52e1-cc1a-0c685abddf3b
KXALEAGUEGAME-25NOV09BRRNUJ-NUJ,2025-11-09T07:30:54.589192Z,0.04,1,no,f728eb51-614a-43b3-d487-58e1d2d9181b
KXALEAGUEGAME-25NOV09BRRNUJ-NUJ,2025-11-09T07:30:54.589192Z,0.03,49,no,5213d44b-0bd3-4a41-d4ca-6d1b93a09997
KXALEAGUEGAME-25NOV09BRRNUJ-NUJ,2025-11-09T07:30:54.567136Z,0.04,50,no,d251a299-ec5e-7fbb-0be9-48525d646f2b
KXALEAGUEGAME-25NOV09BRRNUJ-NUJ,2025-11-09T07:30:54.550159Z,0.04,50,no,cc4c2703-1266-7043-5b4e-32c6c3e58717
KXALEAGUEGAME-25NOV09BRRNUJ-NUJ,2025-11-09T07:30:54.521624Z,0.04,50,no,8163a21f-e822-566b-beb3-8b252946a103
KXALEAGUEGAME-25NOV09BRRNUJ-NUJ,2025-11-09T07:30:54.5134Z,0.04,50,no,5ddd5883-dd0a-45f3-3a81-680557f14b73
KXALEAGUEGAME-25NOV09BRRNUJ-NUJ,2025-11-09T07:30:54.501022Z,0.05,90,no,3988e433-e17b-557f-ec4d-4865fc1d19a7
KXALEAGUEGAME-25NOV09BRRNUJ-NUJ,2025-11-09T07:30:22.881892Z,0.11,85,yes,9e47a0ca-c62a-66a1-63d8-8436abb7275b
KXALEAGUEGAME-25NOV09BRRNUJ-NUJ,2025-11-09T07:30:05.069505Z,0.06,5,no,8f8ffbb3-ff42-5da0-9920-c42125294998
KXALEAGUEGAME-25NOV09BRRNUJ-NUJ,2025-11-09T07:30:04.305776Z,0.11,5,yes,0b58ccc7-5b7e-67e1-2a16-79ea4d10c0d3
KXALEAGUEGAME-25NOV09BRRNUJ-NUJ,2025-11-09T07:29:55.645759Z,0.05,10,no,1d5e1845-8ef7-47ab-dcc8-1e731c112fb7
KXALEAGUEGAME-25NOV09BRRNUJ-NUJ,2025-11-09T07:29:14.318302Z,0.06,2,yes,a02939e6-7659-689d-41a0-0d6728c9f2ac
KXALEAGUEGAME-25NOV09BRRNUJ-NUJ,2025-11-09T07:29:04.094371Z,0.04,40,no,6c274cad-ad1a-5e07-74b3-5c9cbd93a9a7
KXALEAGUEGAME-25NOV09BRRNUJ-NUJ,2025-11-09T07:28:36.278717Z,0.04,1,no,90c847bc-355a-5a03-32a1-6e3802285f6f
KXALEAGUEGAME-25NOV09BRRNUJ-NUJ,2025-11-09T07:28:35.260272Z,0.06,2,yes,d1e0986e-f782-6df4-f02a-c0b2f50eddaa
KXALEAGUEGAME-25NOV09BRRNUJ-NUJ,2025-11-09T07:28:15.431588Z,0.04,50,no,8a905601-2a6a-4b63-a567-d9b82cc06eab
KXALEAGUEGAME-25NOV09BRRNUJ-NUJ,2025-11-09T07:28:09.080085Z,0.07,5,yes,5d7b0390-fe45-7066-11c9-78c728ee10c4
KXALEAGUEGAME-25NOV09BRRNUJ-NUJ,2025-11-09T07:28:01.517357Z,0.06,156,yes,46af3e16-a2a9-74d5-a7cd-acec34c75f10
KXALEAGUEGAME-25NOV09BRRNUJ-NUJ,2025-11-09T07:27:04.393669Z,0.06,100,yes,e2e7524f-f4c9-6e81-9e42-a3de656fb39d
KXALEAGUEGAME-25NOV09BRRNUJ-NUJ,2025-11-09T07:26:28.519855Z,0.06,125,yes,5fe4454e-520d-7bf5-fe2b-0c59e7fc05fd
KXALEAGUEGAME-25NOV09BRRNUJ-NUJ,2025-11-09T07:23:32.16579Z,0.06,310,no,7a809e07-8ffd-7013-4ace-bdbcaf14d1f7
KXALEAGUEGAME-25NOV09BRRNUJ-NUJ,2025-11-09T07:23:32.157474Z,0.06,50,no,240e6476-36f5-4c47-9475-c1be6c38841b
KXALEAGUEGAME-25NOV09BRRNUJ-NUJ,2025-11-09T07:22:09.559937Z,0.06,50,no,603eb147-0849-42df-1796-3a2f0a324427
KXALEAGUEGAME-25NOV09BRRNUJ-NUJ,2025-11-09T07:21:54.387966Z,0.07,368,no,f4ee3e2a-f9d9-4ce6-7636-e4e02b33acd3
KXALEAGUEGAME-25NOV09BRRNUJ-NUJ,2025-11-09T07:21:54.366253Z,0.07,50,no,d0c5172f-ce55-4b06-c817-427c465c1de7
KXALEAGUEGAME-25NOV09BRRNUJ-NUJ,2025-11-09T07:21:47.701907Z,0.07,50,no,a0dc15e8-44a1-641e-4928-3eebb9f32077
KXALEAGUEGAME-25NOV09BRRNUJ-NUJ,2025-11-09T07:20:31.781036Z,0.08,30,no,d9441a66-0490-7e19-7162-04a0a5ebb38f
KXALEAGUEGAME-25NOV09BRRNUJ-NUJ,2025-11-09T07:20:31.781036Z,0.08,27,no,642b05c2-0106-7381-65b8-69ad2ad5bc68
KXALEAGUEGAME-25NOV09BRRNUJ-NUJ,2025-11-09T07:20:31.781036Z,0.07,83,no,451a0cc4-9c20-7dc2-5576-9cac9ebfd490
KXALEAGUEGAME-25NOV09BRRNUJ-NUJ,2025-11-09T07:20:31.781036Z,0.07,7,no,1e6f1e01-8ba0-7ccb-6dad-53fd0b1c1743
KXALEAGUEGAME-25NOV09BRRNUJ-NUJ,2025-11-09T07:20:15.044401Z,0.08,2,no,8aa3aa62-d77a-5e75-7861-d252a6932698
KXALEAGUEGAME-25NOV09BRRNUJ-NUJ,2025-11-09T07:20:15.036259Z,0.08,54,no,6ca58822-1cae-4845-5e26-ccb97a259618
KXALEAGUEGAME-25NOV09BRRNUJ-NUJ,2025-11-09T07:20:15.036259Z,0.08,18,no,65cc9002-aa35-47dd-71aa-d7df899ff778
KXALEAGUEGAME-25NOV09BRRNUJ-NUJ,2025-11-09T07:20:11.667402Z,0.08,12,no,57a10c84-c3bd-5145-f429-6f1b15f3ca44
KXALEAGUEGAME-25NOV09BRRNUJ-NUJ,2025-11-09T07:20:09.734376Z,0.08,36,no,7d9ccdfe-7801-68f0-ea25-bc357c957d50
KXALEAGUEGAME-25NOV09BRRNUJ-NUJ,2025-11-09T07:19:52.400892Z,0.08,12,no,e9c2ebd3-9df1-4940-b1dd-4133d7140480
KXALEAGUEGAME-25NOV09BRRNUJ-NUJ,2025-11-09T07:19:46.290642Z,0.08,50,no,a24df4c3-1d41-7b00-31fd-eb476abfc9f0
KXALEAGUEGAME-25NOV09BRRNUJ-NUJ,2025-11-09T07:19:42.595145Z,0.1,41,yes,63edd364-fc4d-782c-c06b-c716edb197e9
KXALEAGUEGAME-25NOV09BRRNUJ-NUJ,2025-11-09T07:18:59.082985Z,0.08,4,no,039f51b9-71ed-431c-ae14-3e89c916a618
KXALEAGUEGAME-25NOV09BRRNUJ-NUJ,2025-11-09T07:18:58.907776Z,0.08,4,no,66025b6b-5095-60dc-1682-eeee64b43594
KXALEAGUEGAME-25NOV09BRRNUJ-NUJ,2025-11-09T07:18:51.672157Z,0.1,47,yes,69cc16f3-e255-7904-8b27-f7b6638c6ad1
KXALEAGUEGAME-25NOV09BRRNUJ-NUJ,2025-11-09T07:18:08.383221Z,0.1,28,yes,9ef4e65b-3a4b-765f-fcc6-99bc8b663929
KXALEAGUEGAME-25NOV09BRRNUJ-NUJ,2025-11-09T07:17:07.296391Z,0.1,37,yes,7b3b8d2c-fcbf-6d0f-9d30-e1954caecd95
KXALEAGUEGAME-25NOV09BRRNUJ-NUJ,2025-11-09T07:16:56.295098Z,0.08,249,no,e4ad89eb-0283-54cf-2205-92b4a6bcf4ba
KXALEAGUEGAME-25NOV09BRRNUJ-NUJ,2025-11-09T07:16:52.521731Z,0.08,10,no,cccc4f88-092b-7653-0e70-91be20ed0bd2
KXALEAGUEGAME-25NOV09BRRNUJ-NUJ,2025-11-09T07:16:44.424621Z,0.1,94,yes,30c16603-ddc2-626b-0122-dc6c12e6a24e
KXALEAGUEGAME-25NOV09BRRNUJ-NUJ,2025-11-09T07:16:32.500035Z,0.08,22,no,f8ded15d-d22f-6c33-1e8a-e39e0288fbc2
KXALEAGUEGAME-25NOV09BRRNUJ-NUJ,2025-11-09T07:16:29.188668Z,0.08,1,no,229f206f-cf47-4a9f-f110-9118367d0d86
KXALEAGUEGAME-25NOV09BRRNUJ-NUJ,2025-11-09T07:15:49.685898Z,0.1,47,yes,2e882240-f604-7a5e-e49d-e31764279d86
KXALEAGUEGAME-25NOV09BRRNUJ-NUJ,2025-11-09T07:15:44.210267Z,0.08,8,no,ccd66260-bedb-48af-d72d-96821110990e
KXALEAGUEGAME-25NOV09BRRNUJ-NUJ,2025-11-09T07:15:44.020766Z,0.08,7,no,47226891-a43f-4f1b-897c-0466f4bc35b2
KXALEAGUEGAME-25NOV09BRRNUJ-NUJ,2025-11-09T07:15:32.180413Z,0.08,241,no,dc06bf1c-e1d7-4f93-f0bb-36708ab1d231
KXALEAGUEGAME-25NOV09BRRNUJ-NUJ,2025-11-09T07:15:32.180413Z,0.09,135,no,87d2831b-eb85-4ff5-d589-362314b4829f
KXALEAGUEGAME-25NOV09BRRNUJ-NUJ,2025-11-09T07:15:32.180413Z,0.08,34,no,1e90ad39-2d64-446b-e621-42ea0c11e0b5
KXALEAGUEGAME-25NOV09BRRNUJ-NUJ,2025-11-09T07:15:22.105894Z,0.09,15,no,56b3a45a-62b5-7f29-962f-5783b5b1f797
KXALEAGUEGAME-25NOV09BRRNUJ-NUJ,2025-11-09T07:15:02.705673Z,0.09,104,no,229f93e1-f50e-5b9b-29cc-1b76a336f9ec
KXALEAGUEGAME-25NOV09BRRNUJ-NUJ,2025-11-09T07:14:59.208453Z,0.09,4,yes,7b41d4a8-d10e-4de2-d214-f20a715594f1
KXALEAGUEGAME-25NOV09BRRNUJ-NUJ,2025-11-09T07:14:59.17164Z,0.09,257,no,86dd7e8d-fea8-437e-be80-5377b74a9957
KXALEAGUEGAME-25NOV09BRRNUJ-NUJ,2025-11-09T07:14:58.75572Z,0.09,4,no,2561d8e1-bef8-65e6-35a9-5dd47ca84227
KXALEAGUEGAME-25NOV09BRRNUJ-NUJ,2025-11-09T07:14:48.30764Z,0.09,2,no,9bbe2a2a-9188-51fe-499c-211799887a97
KXALEAGUEGAME-25NOV09BRRNUJ-NUJ,2025-11-09T07:14:31.159976Z,0.11,8,yes,d863665a-4cd5-6ac8-acde-996cdb61c4a7
KXALEAGUEGAME-25NOV09BRRNUJ-NUJ,2025-11-09T07:14:29.260053Z,0.11,42,yes,1761e9ef-9385-4960-a8ba-0917e1c7dcf7
KXALEAGUEGAME-25NOV09BRRNUJ-NUJ,2025-11-09T07:14:15.277392Z,0.08,4,no,026c9a37-4a00-41ff-591d-b4f1db816d71
KXALEAGUEGAME-25NOV09BRRNUJ-NUJ,2025-11-09T07:14:11.412516Z,0.09,153,no,d8c9723c-3440-7a9b-570c-0d5395830121
KXALEAGUEGAME-25NOV09BRRNUJ-NUJ,2025-11-09T07:14:05.460959Z,0.1,31,no,cc30f1a2-24a7-5f7a-b2b0-b7a0780e8ba2
KXALEAGUEGAME-25NOV09BRRNUJ-NUJ,2025-11-09T07:12:41.099927Z,0.12,8,yes,82178c62-5599-536e-e7dd-787f77ca8c69
KXALEAGUEGAME-25NOV09BRRNUJ-NUJ,2025-11-09T07:12:12.0959Z,0.1,5,no,16087d2d-ce97-4cce-6717-a8f5828f3694
KXALEAGUEGAME-25NOV09BRRNUJ-NUJ,2025-11-09T07:11:53.647456Z,0.12,7,yes,9ab41d7e-ad9d-6dfa-8645-c486c5f681d9
KXALEAGUEGAME-25NOV09BRRNUJ-NUJ,2025-11-09T07:10:43.95966Z,0.13,7,yes,af31f6e7-eab5-61ab-90e2-4282ece11fc9
KXALEAGUEGAME-25NOV09BRRNUJ-NUJ,2025-11-09T07:10:30.984277Z,0.13,29,yes,b2a93870-f945-5fb8-a564-fedcb6a8a1b2
KXALEAGUEGAME-25NOV09BRRNUJ-NUJ,2025-11-09T07:09:50.478641Z,0.12,21,no,4fb7166b-6d39-6889-45d8-42beef60a8c6
KXALEAGUEGAME-25NOV09BRRNUJ-NUJ,2025-11-09T07:09:21.259945Z,0.13,17,yes,8588253e-33dd-43e8-2d63-818af00791a6
KXALEAGUEGAME-25NOV09BRRNUJ-NUJ,2025-11-09T07:09:14.369614Z,0.13,25,yes,763bf005-e1f1-4afc-7947-3a96f407c3d6
KXALEAGUEGAME-25NOV09BRRNUJ-NUJ,2025-11-09T07:08:16.020024Z,0.12,1,no,e7d63673-6b8c-6610-5c9d-374e3a354c85
KXALEAGUEGAME-25NOV09BRRNUJ-NUJ,2025-11-09T07:08:13.007537Z,0.12,26,no,fb39572f-21ac-5168-d291-dbeedee7569d
KXALEAGUEGAME-25NOV09BRRNUJ-NUJ,2025-11-09T07:08:09.572807Z,0.12,19,no,43d95ea4-5884-596c-4771-4719ffb3cdf1
KXALEAGUEGAME-25NOV09BRRNUJ-NUJ,2025-11-09T07:08:03.944144Z,0.13,25,yes,a278164c-6462-43fb-475d-5a26bb3a8092
KXALEAGUEGAME-25NOV09BRRNUJ-NUJ,2025-11-09T07:07:21.134085Z,0.11,1,no,450fcc62-5bcf-72d7-01f2-bf6b374ecb01
KXALEAGUEGAME-25NOV09BRRNUJ-NUJ,2025-11-09T07:06:59.966821Z,0.13,72,yes,4f6409ed-5f60-4991-8589-35f0d88603e1
KXALEAGUEGAME-25NOV09BRRNUJ-NUJ,2025-11-09T07:06:43.739894Z,0.11,29,no,fd54b47a-2183-6b1b-0168-4f5cae7c8795
KXALEAGUEGAME-25NOV09BRRNUJ-NUJ,2025-11-09T07:06:42.872152Z,0.14,67,yes,35dffb46-6bf6-78d1-b04c-d001f31c9a2c
KXALEAGUEGAME-25NOV09BRRNUJ-NUJ,2025-11-09T07:06:38.57643Z,0.11,122,no,2ddd3580-fe9b-74cf-cc2a-bd4e10cb1255
KXALEAGUEGAME-25NOV09BRRNUJ-NUJ,2025-11-09T07:06:36.230295Z,0.12,126,no,73f3fc81-2b6c-77c4-ba4e-8030690be729
KXALEAGUEGAME-25NOV09BRRNUJ-NUJ,2025-11-09T07:06:23.186859Z,0.14,92,yes,dc933a4e-b312-7825-e842-ae3c27cd7a98
KXALEAGUEGAME-25NOV09BRRNUJ-NUJ,2025-11-09T07:06:23.186859Z,0.13,263,yes,3c8727c2-35d8-741c-de18-7e25817c165e
KXALEAGUEGAME-25NOV09BRRNUJ-NUJ,2025-11-09T07:06:20.509776Z,0.12,2,no,e5115146-7ce0-64b1-7aa3-3e553ed97d07
KXALEAGUEGAME-25NOV09BRRNUJ-NUJ,2025-11-09T07:06:15.459419Z,0.12,13,no,ab36cae9-64f0-642d-8746-9524910f8b9b
KXALEAGUEGAME-25NOV09BRRNUJ-NUJ,2025-11-09T07:06:05.490443Z,0.12,16,no,5c99790c-9290-5281-9f50-a8014ce7789f
KXALEAGUEGAME-25NOV09BRRNUJ-NUJ,2025-11-09T07:04:29.010256Z,0.14,263,yes,abb719d9-2738-6d65-64f4-1bfadd386e03
KXALEAGUEGAME-25NOV09BRRNUJ-NUJ,2025-11-09T07:04:29.010256Z,0.13,263,yes,98ccc819-571e-63cf-60f9-b10aa613208e
KXALEAGUEGAME-25NOV09BRRNUJ-NUJ,2025-11-09T07:04:29.010256Z,0.16,57,yes,942031e8-ea92-66f6-5904-8ed0500bc6b9
KXALEAGUEGAME-25NOV09BRRNUJ-NUJ,2025-11-09T07:04:29.010256Z,0.13,30,yes,87af3749-3839-6db8-76b1-d0d124c6c37f
KXALEAGUEGAME-25NOV09BRRNUJ-NUJ,2025-11-09T07:04:29.010256Z,0.15,263,yes,4c3c8951-c8ca-65c6-69a0-712074f9c9a8
KXALEAGUEGAME-25NOV09BRRNUJ-NUJ,2025-11-09T07:04:29.010256Z,0.13,500,yes,115b0c30-2c20-6bc4-53b1-01580d8c41e2
KXALEAGUEGAME-25NOV09BRRNUJ-NUJ,2025-11-09T07:04:06.935595Z,0.12,156,yes,12f49383-ea6b-6e36-84d7-0806e04d2ff1
KXALEAGUEGAME-25NOV09BRRNUJ-NUJ,2025-11-09T07:02:33.146394Z,0.12,156,yes,36f166b0-ac17-7956-9756-d1424686c231
KXALEAGUEGAME-25NOV09BRRNUJ-NUJ,2025-11-09T07:02:26.736752Z,0.12,100,yes,fcaaa845-b02b-52b2-53ca-6fcf05f27849
KXALEAGUEGAME-25NOV09BRRNUJ-NUJ,2025-11-09T07:02:04.986898Z,0.11,1,no,ea4a16fc-cc71-6370-ec55-bc2661136563
KXALEAGUEGAME-25NOV09BRRNUJ-NUJ,2025-11-09T07:01:45.679551Z,0.11,7,no,e8163c85-718d-5d08-c7d7-ed2c460092db
KXALEAGUEGAME-25NOV09BRRNUJ-NUJ,2025-11-09T07:01:37.62989Z,0.11,9,no,a1229f14-cdad-6ffc-0f46-a54fab366c37
KXALEAGUEGAME-25NOV09BRRNUJ-NUJ,2025-11-09T07:00:07.266436Z,0.11,263,no,76aaed43-77f1-582b-5b21-91a539fc49ad
KXALEAGUEGAME-25NOV09BRRNUJ-NUJ,2025-11-09T06:56:07.654225Z,0.13,2,yes,55a72ae3-d50f-75af-7d1d-e013180b75a6
KXALEAGUEGAME-25NOV09BRRNUJ-NUJ,2025-11-09T06:56:07.654225Z,0.13,12,yes,0ab536be-b514-7d32-6a39-6c587d902bb5
KXALEAGUEGAME-25NOV09BRRNUJ-NUJ,2025-11-09T06:55:14.2401Z,0.13,29,yes,3ee43ce0-6d93-49fb-b65d-98c2318f15b2
KXALEAGUEGAME-25NOV09BRRNUJ-NUJ,2025-11-09T06:55:01.929285Z,0.13,28,yes,b7ad74e6-982b-47f3-b8f5-8db2aa3c92da
KXALEAGUEGAME-25NOV09BRRNUJ-NUJ,2025-11-09T06:55:01.929285Z,0.13,47,yes,5fd0ccb4-9a54-4b0f-a44a-293c442f5b0f
KXALEAGUEGAME-25NOV09BRRNUJ-NUJ,2025-11-09T06:55:01.929285Z,0.13,24,yes,42d2824a-cf16-455d-adda-737caaccb441
KXALEAGUEGAME-25NOV09BRRNUJ-NUJ,2025-11-09T06:55:01.929285Z,0.13,263,yes,2a51c41b-4d6e-4ff2-b88c-6342c01f9b18
KXALEAGUEGAME-25NOV09BRRNUJ-NUJ,2025-11-09T06:54:55.730065Z,0.13,6,yes,c2514412-3ff6-5f85-700d-d803099f1f75
KXALEAGUEGAME-25NOV09BRRNUJ-NUJ,2025-11-09T06:54:27.857603Z,0.13,7,yes,ee548235-a805-532b-b383-157bba2697ce
KXALEAGUEGAME-25NOV09BRRNUJ-NUJ,2025-11-09T06:54:25.46376Z,0.13,19,yes,6ef67bf5-b4b5-682f-cc42-68b7c7c05742
KXALEAGUEGAME-25NOV09BRRNUJ-NUJ,2025-11-09T06:54:25.46376Z,0.13,2,yes,2f98e97f-dd7d-638b-efae-75d9c7028155
KXALEAGUEGAME-25NOV09BRRNUJ-NUJ,2025-11-09T06:53:56.176303Z,0.13,261,yes,ba82edec-7855-60af-cb98-5b93b1ec1cc5
KXALEAGUEGAME-25NOV09BRRNUJ-NUJ,2025-11-09T06:53:46.025925Z,0.13,21,yes,6dc1451b-caad-6284-35c8-117741724730
KXALEAGUEGAME-25NOV09BRRNUJ-NUJ,2025-11-09T06:53:20.895649Z,0.13,21,yes,b83ed962-0aa5-5d78-6831-6610c899c2c4
KXALEAGUEGAME-25NOV09BRRNUJ-NUJ,2025-11-09T06:53:18.226314Z,0.13,46,yes,869dcfd6-aa89-7818-d29b-877d605ca890
KXALEAGUEGAME-25NOV09BRRNUJ-NUJ,2025-11-09T06:52:16.447592Z,0.12,4,no,3dad15d0-9cd0-7049-7f35-bab76bace6af
KXALEAGUEGAME-25NOV09BRRNUJ-NUJ,2025-11-09T06:52:16.105361Z,0.13,47,yes,ddd20478-d74d-5484-af8a-f36f55ef03cc
KXALEAGUEGAME-25NOV09BRRNUJ-NUJ,2025-11-09T06:51:59.148598Z,0.13,133,yes,bf76cfcd-8f31-5b20-1c4a-c77003a374bc
KXALEAGUEGAME-25NOV09BRRNUJ-NUJ,2025-11-09T06:51:54.981677Z,0.13,54,yes,d36b7381-3eb1-7934-c8e3-6dd38ebf0744
KXALEAGUEGAME-25NOV09BRRNUJ-NUJ,2025-11-09T06:51:54.981677Z,0.13,18,yes,31c3ae79-3069-7d1e-d04d-6a14159edb76
KXALEAGUEGAME-25NOV09BRRNUJ-NUJ,2025-11-09T06:50:53.259301Z,0.13,12,yes,e88c73ec-e671-75de-52b5-41017a414f5a
KXALEAGUEGAME-25NOV09BRRNUJ-NUJ,2025-11-09T06:50:53.259301Z,0.13,103,yes,c90322e4-c1ba-70f1-7ee5-b4b4a163ba55
KXALEAGUEGAME-25NOV09BRRNUJ-NUJ,2025-11-09T06:50:32.548469Z,0.13,7,yes,1abceee2-37ca-4071-9375-a1661d0ce9c9
KXALEAGUEGAME-25NOV09BRRNUJ-NUJ,2025-11-09T06:50:15.786898Z,0.13,5,yes,a57286a3-f32a-44bd-2082-abea4e17a8dd
KXALEAGUEGAME-25NOV09BRRNUJ-NUJ,2025-11-09T06:50:00.781211Z,0.13,145,yes,244340fa-5a42-5b05-3661-0a95b7ee42b9
KXALEAGUEGAME-25NOV09BRRNUJ-NUJ,2025-11-09T06:49:49.358394Z,0.13,3,yes,8106bf80-42ca-6f5d-a4fb-b15b52d40fbd
KXALEAGUEGAME-25NOV09BRRNUJ-NUJ,2025-11-09T06:47:49.947481Z,0.11,3,no,67d77ec7-4a12-45d8-f3aa-3af949be8fed
KXALEAGUEGAME-25NOV09BRRNUJ-NUJ,2025-11-09T06:47:49.947481Z,0.1,9,no,168e6e25-ab10-4d18-f765-6b136a0e894e
KXALEAGUEGAME-25NOV09BRRNUJ-NUJ,2025-11-09T06:47:48.960071Z,0.14,330,yes,e5b96428-c1a4-7a2d-cea6-1cdd819cc417
KXALEAGUEGAME-25NOV09BRRNUJ-NUJ,2025-11-09T06:47:34.001093Z,0.11,64,no,4bcd7833-cc12-4cd0-d5b4-6d8fa25717cd
KXALEAGUEGAME-25NOV09BRRNUJ-NUJ,2025-11-09T06:46:28.695901Z,0.11,13,no,91685a4a-4e57-4cfe-5864-01713c413edf
KXALEAGUEGAME-25NOV09BRRNUJ-NUJ,2025-11-09T06:46:04.152632Z,0.12,43,no,834bc00e-dfb5-458a-1fe3-431a5f35c48f
KXALEAGUEGAME-25NOV09BRRNUJ-NUJ,2025-11-09T06:45:58.541464Z,0.14,30,yes,ee60726f-2936-62d0-5086-5101ccbcf498
KXALEAGUEGAME-25NOV09BRRNUJ-NUJ,2025-11-09T06:45:58.541464Z,0.14,41,yes,c09a460c-48fe-6e7f-6354-3bc97755bf6c
KXALEAGUEGAME-25NOV09BRRNUJ-NUJ,2025-11-09T06:44:55.644999Z,0.14,282,yes,8896e8e1-7631-58a2-4621-ad42084228ac
KXALEAGUEGAME-25NOV09BRRNUJ-NUJ,2025-11-09T06:43:46.685576Z,0.14,6,yes,e4fffd53-6cf5-6e32-992e-d260416cdb10
KXALEAGUEGAME-25NOV09BRRNUJ-NUJ,2025-11-09T06:42:59.30902Z,0.14,6,yes,1220fbf0-1575-7e6a-9df7-af0dc56b6a90
KXALEAGUEGAME-25NOV09BRRNUJ-NUJ,2025-11-09T06:42:45.427181Z,0.15,4,yes,1d3f1fbf-12a9-623c-0603-30ab040af697
KXALEAGUEGAME-25NOV09BRRNUJ-NUJ,2025-11-09T06:42:36.476484Z,0.15,62,yes,7a6154af-222d-4b7c-35bf-b4eb703fbf73
KXALEAGUEGAME-25NOV09BRRNUJ-NUJ,2025-11-09T06:41:34.684131Z,0.13,14,no,c1dddb74-f8a1-451e-a6a6-c0f68696752d
KXALEAGUEGAME-25NOV09BRRNUJ-NUJ,2025-11-09T06:40:58.1314Z,0.13,1,no,01381502-f0b1-71aa-8d4f-b7cd137d8de1
KXALEAGUEGAME-25NOV09BRRNUJ-NUJ,2025-11-09T06:39:33.045791Z,0.15,6,yes,0e52a084-0d79-7e01-79e0-1f8084ec9e1c
KXALEAGUEGAME-25NOV09BRRNUJ-NUJ,2025-11-09T06:37:37.585383Z,0.16,30,yes,37c2bb5b-8835-6abc-c02c-10ea46626860
KXALEAGUEGAME-25NOV09BRRNUJ-NUJ,2025-11-09T06:37:37.585383Z,0.16,76,yes,12411c0a-18fa-67be-cae0-d93ae1c11d84
KXALEAGUEGAME-25NOV09BRRNUJ-NUJ,2025-11-09T06:37:10.811784Z,0.14,148,no,d335c99a-a9c5-7762-b28d-9b3fdd5f74fb
KXALEAGUEGAME-25NOV09BRRNUJ-NUJ,2025-11-09T06:36:07.931188Z,0.04,8,no,d562478a-450e-7fab-245a-4d61d6ad0753
KXALEAGUEGAME-25NOV09BRRNUJ-NUJ,2025-11-09T06:35:28.612074Z,0.13,15,no,8deb6faa-1f73-5b79-8dbc-dcdfa3b0418c
KXALEAGUEGAME-25NOV09BRRNUJ-NUJ,2025-11-09T06:33:06.161941Z,0.32,148,yes,0b111aba-e01a-600c-dadf-fc3aeb2f837f
KXALEAGUEGAME-25NOV09BRRNUJ-NUJ,2025-11-09T06:32:30.141176Z,0.32,8,yes,385b16b6-0142-73c8-7aa8-c072486b5c0b
KXALEAGUEGAME-25NOV09BRRNUJ-NUJ,2025-11-09T06:31:31.107926Z,0.33,14,yes,944940d9-2b25-45a9-118a-e29a23202492
KXALEAGUEGAME-25NOV09BRRNUJ-NUJ,2025-11-09T06:27:18.222447Z,0.35,8,yes,484a5419-f6b9-5f1b-5375-df4074680cc2
KXALEAGUEGAME-25NOV09BRRNUJ-NUJ,2025-11-09T06:25:48.847967Z,0.36,4,yes,402fe0b0-7233-5bf9-8a5e-cc0a4ec0fd66
KXALEAGUEGAME-25NOV09BRRNUJ-NUJ,2025-11-09T06:22:40.554329Z,0.36,13,yes,86899c0a-95b0-57ee-1429-788869cf34f1
KXALEAGUEGAME-25NOV09BRRNUJ-NUJ,2025-11-09T06:14:31.17007Z,0.32,500,yes,cbff4f76-31c6-676e-d0cb-3c8277dd12c5
KXALEAGUEGAME-25NOV09BRRNUJ-NUJ,2025-11-09T06:11:21.761304Z,0.37,103,yes,3089ece9-ea9b-6814-3b30-643e01578ac0
KXALEAGUEGAME-25NOV09BRRNUJ-NUJ,2025-11-09T05:56:38.620188Z,0.35,27,yes,84d57bb4-c664-4ce2-c0e5-9c03c130335a
KXALEAGUEGAME-25NOV09BRRNUJ-NUJ,2025-11-09T05:51:08.62648Z,0.35,533,yes,58672992-c47c-4f99-4458-6816024eab1b
KXALEAGUEGAME-25NOV09BRRNUJ-NUJ,2025-11-09T05:51:08.62648Z,0.35,13,yes,4ed3d105-c97a-4a50-435a-d45d2bbef311
KXALEAGUEGAME-25NOV09BRRNUJ-NUJ,2025-11-09T05:43:25.629979Z,0.35,5,yes,61463aeb-1cac-7d55-9549-105796c88939
KXALEAGUEGAME-25NOV09BRRNUJ-NUJ,2025-11-09T05:39:35.074717Z,0.35,5,yes,6fe21340-3353-7155-218f-d13e5376be61
KXALEAGUEGAME-25NOV09BRRNUJ-NUJ,2025-11-09T04:44:22.226158Z,0.35,13,yes,384de6e9-a106-751c-1267-f21e1de394a2
KXALEAGUEGAME-25NOV09BRRNUJ-NUJ,2025-11-08T17:40:41.907057Z,0.35,2,yes,2fc181ed-b6bd-7c7c-3b7f-cbfb2999510c
