ticker,created_time,price,count,taker_side,trade_id
KXALEAGUEGAME-25NOV08WPHAUC-TIE,2025-11-08T08:00:12.057771Z,0.01,500,no,f46dbe32-8f59-468e-e5e7-19e1c4089488
KXALEAGUEGAME-25NOV08WPHAUC-TIE,2025-11-08T08:00:12.057771Z,0.01,522,no,801ede7b-8847-48a4-dd2b-157589932ff1
KXALEAGUEGAME-25NOV08WPHAUC-TIE,2025-11-08T08:00:12.057771Z,0.01,436,no,4a0540fb-fdd6-48ec-cdba-b16c80fa423a
KXALEAGUEGAME-25NOV08WPHAUC-TIE,2025-11-08T08:00:04.492273Z,0.02,200,no,c493785e-9326-7d38-a8e1-4d1989c5e34d
KXALEAGUEGAME-25NOV08WPHAUC-TIE,2025-11-08T07:59:26.752313Z,0.03,200,yes,c328ad30-9e17-7c88-cfda-8349d5fee86e
KXALEAGUEGAME-25NOV08WPHAUC-TIE,2025-11-08T07:59:02.136802Z,0.05,1,no,9c3f858e-de39-409e-90a7-a76ef2ef3d3a
KXALEAGUEGAME-25NOV08WPHAUC-TIE,2025-11-08T07:59:02.136802Z,0.04,253,no,0e1f1e60-928b-4f8d-9c0c-7e979fcdeb0f
KXALEAGUEGAME-25NOV08WPHAUC-TIE,2025-11-08T07:57:00.145862Z,0.06,15,no,6979e382-e679-7fa6-fb2d-3c35e5b31846
KXALEAGUEGAME-25NOV08WPHAUC-TIE,2025-11-08T07:56:58.902691Z,0.06,25,no,70ae5415-7d5d-42f6-e564-a6f77a4f4cb2
KXALEAGUEGAME-25NOV08WPHAUC-TIE,2025-11-08T07:55:34.147737Z,0.04,47,no,9266d11c-fd03-5d4d-7dfa-30a0cd41855b
KXALEAGUEGAME-25NOV08WPHAUC-TIE,2025-11-08T07:54:16.483917Z,0.05,44,no,8bf950ec-a971-4ae5-00a3-68460227e069
KXALEAGUEGAME-25NOV08WPHAUC-TIE,2025-11-08T07:53:42.334649Z,0.05,2,no,d3f7c21a-79d1-7b49-f42f-e81a283d24b5
KXALEAGUEGAME-25NOV08WPHAUC-TIE,2025-11-08T07:52:51.140465Z,0.12,23,yes,a7ed60bc-b2ba-7837-6f93-0dbcd1955d22
KXALEAGUEGAME-25NOV08WPHAUC-TIE,2025-11-08T07:52:08.321288Z,0.05,21,no,c27afaeb-a40d-79dd-0b77-e43ae95e832d
KXALEAGUEGAME-25NOV08WPHAUC-TIE,2025-11-08T07:49:48.572384Z,0.06,7,no,c06050e6-b97d-482d-230a-6d1743811701
KXALEAGUEGAME-25NOV08WPHAUC-TIE,2025-11-08T07:49:21.796327Z,0.08,36,yes,e0a4c4a9-d605-4a83-f997-5af423542f44
KXALEAGUEGAME-25NOV08WPHAUC-TIE,2025-11-08T07:49:21.796327Z,0.2,9,yes,9b4a7cf3-432b-407f-d15e-a4dd33f7ca56
KXALEAGUEGAME-25NOV08WPHAUC-TIE,2025-11-08T07:49:19.230048Z,0.08,20,yes,580abeb6-1c09-5e67-a78a-e3e9ddb54510
KXALEAGUEGAME-25NOV08WPHAUC-TIE,2025-11-08T07:49:10.378059Z,0.05,13,no,e8d23e66-477a-64ad-c437-7ce9154600f4
KXALEAGUEGAME-25NOV08WPHAUC-TIE,2025-11-08T07:49:04.44212Z,0.08,14,no,8ff2cbf1-ef26-56a5-b17c-751c74d32680
KXALEAGUEGAME-25NOV08WPHAUC-TIE,2025-11-08T07:48:27.782366Z,0.19,4,yes,3f77ba2f-bd93-607c-8986-3d279b724fd6
KXALEAGUEGAME-25NOV08WPHAUC-TIE,2025-11-08T07:46:23.049392Z,0.21,11,yes,d622e53c-5d97-694b-8857-d17fee293521
KXALEAGUEGAME-25NOV08WPHAUC-TIE,2025-11-08T07:46:23.049392Z,0.2,11,yes,cc500887-902c-64f0-8a01-dd07d8722880
KXALEAGUEGAME-25NOV08WPHAUC-TIE,2025-11-08T07:46:23.049392Z,0.24,20,yes,47703d6c-4dd7-61c7-9ac4-a790d6d66e42
KXALEAGUEGAME-25NOV08WPHAUC-TIE,2025-11-08T07:44:53.390243Z,0.2,17,yes,e3c926d7-1981-6591-517f-5f7e77c91387
KXALEAGUEGAME-25NOV08WPHAUC-TIE,2025-11-08T07:44:53.390243Z,0.2,11,yes,81d89c79-d691-6c11-4502-4af8ba4b5a05
KXALEAGUEGAME-25NOV08WPHAUC-TIE,2025-11-08T07:42:36.289928Z,0.22,11,yes,56e474ed-e33d-49ef-216b-58754543cf51
KXALEAGUEGAME-25NOV08WPHAUC-TIE,2025-11-08T07:42:36.289928Z,0.22,8,yes,09ff8121-53bf-472d-27a1-9df8a4279851
KXALEAGUEGAME-25NOV08WPHAUC-TIE,2025-11-08T07:40:21.410647Z,0.25,6,no,feb2f92a-db64-7f8e-7062-074c88f33e15
KXALEAGUEGAME-25NOV08WPHAUC-TIE,2025-11-08T07:40:10.192165Z,0.25,7,no,abc6112b-d418-55ba-d5f4-de079a1462cd
KXALEAGUEGAME-25NOV08WPHAUC-TIE,2025-11-08T07:40:08.318252Z,0.25,4,no,766aaef4-ce60-6bb2-c79a-38d56bd00ba9
KXALEAGUEGAME-25NOV08WPHAUC-TIE,2025-11-08T07:39:39.878533Z,0.25,11,no,ee2060fe-4294-7676-710e-9efef926ad39
KXALEAGUEGAME-25NOV08WPHAUC-TIE,2025-11-08T07:39:39.373014Z,0.25,5,no,4de82568-00b0-50aa-8120-0393f4177bd1
KXALEAGUEGAME-25NOV08WPHAUC-TIE,2025-11-08T07:39:38.573734Z,0.25,34,no,529b9e10-8cf8-76b2-bdfd-37b658b89675
KXALEAGUEGAME-25NOV08WPHAUC-TIE,2025-11-08T07:39:23.361003Z,0.43,111,yes,cac41982-ce25-69a9-7cf3-e689f967e709
KXALEAGUEGAME-25NOV08WPHAUC-TIE,2025-11-08T07:39:07.393168Z,0.44,21,yes,2306a1ef-2e89-5dd3-7f79-986ab37f4a2a
KXALEAGUEGAME-25NOV08WPHAUC-TIE,2025-11-08T07:39:07.096504Z,0.25,8,no,2bebe2ff-7a78-70a2-c5cb-26cf41dc0fd1
KXALEAGUEGAME-25NOV08WPHAUC-TIE,2025-11-08T07:38:55.646375Z,0.25,38,yes,c66e1888-33a3-45a2-3cbb-feab801bccf9
KXALEAGUEGAME-25NOV08WPHAUC-TIE,2025-11-08T07:38:55.646375Z,0.25,40,yes,62aaa024-d83d-4c6f-2296-19ff9bf0d7a0
KXALEAGUEGAME-25NOV08WPHAUC-TIE,2025-11-08T07:38:55.646375Z,0.45,9,yes,287dd92f-6240-4ad2-3c1d-5b265bca21df
KXALEAGUEGAME-25NOV08WPHAUC-TIE,2025-11-08T07:38:26.465896Z,0.18,2,no,ccf54564-868a-7104-6d14-17b4baadbecb
KXALEAGUEGAME-25NOV08WPHAUC-TIE,2025-11-08T07:38:26.465896Z,0.12,4,no,96072a42-c9e5-776e-68a0-8617e640d0c3
KXALEAGUEGAME-25NOV08WPHAUC-TIE,2025-11-08T07:38:20.007325Z,0.18,6,no,f8ffb643-dc02-40c0-0deb-bb6f70619387
KXALEAGUEGAME-25NOV08WPHAUC-TIE,2025-11-08T07:38:11.433474Z,0.18,31,no,24a1bcfd-ee12-66d8-dad4-fb12f56004df
KXALEAGUEGAME-25NOV08WPHAUC-TIE,2025-11-08T07:38:11.104509Z,0.18,26,no,4056e4dc-50da-7b04-2e43-122edc031317
KXALEAGUEGAME-25NOV08WPHAUC-TIE,2025-11-08T07:38:08.176315Z,0.18,5,no,7f6f5f55-67a6-78f0-3b8e-67c59bece75b
KXALEAGUEGAME-25NOV08WPHAUC-TIE,2025-11-08T07:37:51.000276Z,0.19,4,yes,60e5b237-dd79-7f02-b56f-021a0c9c60d5
KXALEAGUEGAME-25NOV08WPHAUC-TIE,2025-11-08T07:37:34.677479Z,0.17,200,yes,f4a4af54-37e5-6044-bd8f-ecef97fa5ad8
KXALEAGUEGAME-25NOV08WPHAUC-TIE,2025-11-08T07:37:34.677479Z,0.2,22,yes,ac51b076-5ee6-6a46-8dc7-676c45e28fee
KXALEAGUEGAME-25NOV08WPHAUC-TIE,2025-11-08T07:37:34.677479Z,0.24,76,yes,6a764e95-34df-6b45-a422-c01f8377eb5f
KXALEAGUEGAME-25NOV08WPHAUC-TIE,2025-11-08T07:37:22.663492Z,0.14,4,no,daae5fdd-98e2-667c-7510-b3270edcef8d
KXALEAGUEGAME-25NOV08WPHAUC-TIE,2025-11-08T07:36:55.401886Z,0.18,26,yes,0af09cc8-bfe5-5638-1e99-fb5c8414358a
KXALEAGUEGAME-25NOV08WPHAUC-TIE,2025-11-08T07:36:50.535947Z,0.13,33,no,065adf9b-78d1-6b83-fa85-b82845123947
KXALEAGUEGAME-25NOV08WPHAUC-TIE,2025-11-08T07:36:29.70558Z,0.15,55,no,6eadee33-7b20-514a-7f3b-5ddafa659080
KXALEAGUEGAME-25NOV08WPHAUC-TIE,2025-11-08T07:36:06.800138Z,0.2,1,no,0dcbba42-597f-76e4-87d1-f9d1a0738939
KXALEAGUEGAME-25NOV08WPHAUC-TIE,2025-11-08T07:35:52.329412Z,0.2,30,no,de906b52-a993-4cf0-7ef3-ad5f17dbb17d
KXALEAGUEGAME-25NOV08WPHAUC-TIE,2025-11-08T07:35:41.595561Z,0.2,11,no,053581cc-538f-5568-05c2-0e70077f0a95
KXALEAGUEGAME-25NOV08WPHAUC-TIE,2025-11-08T07:35:36.682535Z,0.2,5,no,67ed85ae-d877-513c-1562-050ceb94dafd
KXALEAGUEGAME-25NOV08WPHAUC-TIE,2025-11-08T07:35:36.682535Z,0.21,5,no,0fbf3309-1eca-538d-3118-3ee654488505
KXALEAGUEGAME-25NOV08WPHAUC-TIE,2025-11-08T07:35:04.947712Z,0.21,16,no,835478e0-d556-5999-2433-c37cd953fb9d
KXALEAGUEGAME-25NOV08WPHAUC-TIE,2025-11-08T07:34:38.389576Z,0.26,88,yes,33ed04c9-b327-60cd-64ed-b0fdaa71464a
KXALEAGUEGAME-25NOV08WPHAUC-TIE,2025-11-08T07:33:08.321247Z,0.22,11,yes,fb8e180f-5ac2-7d20-4ff7-585a548a35f7
KXALEAGUEGAME-25NOV08WPHAUC-TIE,2025-11-08T07:33:08.321247Z,0.35,101,yes,df8faa8a-c131-7da5-47fe-24095ccfd701
KXALEAGUEGAME-25NOV08WPHAUC-TIE,2025-11-08T07:33:08.321247Z,0.53,21,yes,9547c50d-f0fc-72f3-51b1-89749b83cbb2
KXALEAGUEGAME-25NOV08WPHAUC-TIE,2025-11-08T07:33:08.321247Z,0.23,200,yes,71a22c59-2835-7bf6-601e-2a1d8c8e6f9b
KXALEAGUEGAME-25NOV08WPHAUC-TIE,2025-11-08T07:31:59.609392Z,0.21,31,no,5de3533e-1aa3-4df8-838f-4223c5ace4e9
KXALEAGUEGAME-25NOV08WPHAUC-TIE,2025-11-08T07:31:51.458177Z,0.24,197,yes,e6ab1c28-5381-69b5-6949-b9e81d9691e0
KXALEAGUEGAME-25NOV08WPHAUC-TIE,2025-11-08T07:31:14.673809Z,0.2,3,no,2f750687-451b-7888-f0be-ac3662b95a71
KXALEAGUEGAME-25NOV08WPHAUC-TIE,2025-11-08T07:31:07.357239Z,0.21,64,no,049fc1df-4ee2-4442-a006-e99bb57aef71
KXALEAGUEGAME-25NOV08WPHAUC-TIE,2025-11-08T07:30:39.963299Z,0.45,11,yes,f3efcbe4-6e10-7c3d-9c9e-79685f0b07bf
KXALEAGUEGAME-25NOV08WPHAUC-TIE,2025-11-08T07:30:39.963299Z,0.6,9,yes,c51b5613-5b89-77e1-a538-f8538d4043e5
KXALEAGUEGAME-25NOV08WPHAUC-TIE,2025-11-08T07:30:39.963299Z,0.5,3,yes,6f88ef31-4fc0-753b-89fd-6ba40e70a8cf
KXALEAGUEGAME-25NOV08WPHAUC-TIE,2025-11-08T07:30:39.963299Z,0.23,33,yes,6b158692-9186-76b2-bb59-4cc5c0fbcb67
KXALEAGUEGAME-25NOV08WPHAUC-TIE,2025-11-08T07:30:39.963299Z,0.22,200,yes,465c387b-461f-70c5-893a-30128678422a
KXALEAGUEGAME-25NOV08WPHAUC-TIE,2025-11-08T07:30:34.549449Z,0.21,5,no,50830665-ebbe-713e-aeef-17a0e84bca65
KXALEAGUEGAME-25NOV08WPHAUC-TIE,2025-11-08T07:29:46.587477Z,0.21,22,no,f229208c-d302-55e2-9e13-eb4a7077a089
KXALEAGUEGAME-25NOV08WPHAUC-TIE,2025-11-08T07:29:15.760167Z,0.24,110,yes,312c3cef-8d86-4daf-294b-4cc9c9d01c07
KXALEAGUEGAME-25NOV08WPHAUC-TIE,2025-11-08T07:28:37.723877Z,0.24,47,yes,d4062f4a-c136-4d03-87e7-a4ebe0df3f13
KXALEAGUEGAME-25NOV08WPHAUC-TIE,2025-11-08T07:28:21.442002Z,0.24,7,yes,f03a335f-3a96-40cb-5ca6-caefdcbd18bf
KXALEAGUEGAME-25NOV08WPHAUC-TIE,2025-11-08T07:27:49.832285Z,0.23,200,yes,94542978-1c08-6114-1be8-b8b3c6bb659b
KXALEAGUEGAME-25NOV08WPHAUC-TIE,2025-11-08T07:27:49.832285Z,0.66,9,yes,7eb35b22-504c-6bc7-0e54-980a8646641d
KXALEAGUEGAME-25NOV08WPHAUC-TIE,2025-11-08T07:27:49.832285Z,0.22,3,yes,5d59575f-f76f-6a26-215f-103ac7923028
KXALEAGUEGAME-25NOV08WPHAUC-TIE,2025-11-08T07:27:49.832285Z,0.21,200,yes,095ac12a-c37e-6a82-042f-1e6eab9a0cb0
KXALEAGUEGAME-25NOV08WPHAUC-TIE,2025-11-08T07:27:40.404007Z,0.21,6,yes,9ccd99f7-5068-5c42-a31f-1bfddbdbc7f0
KXALEAGUEGAME-25NOV08WPHAUC-TIE,2025-11-08T07:27:40.404007Z,0.22,7,yes,4c2cbd15-c41f-5582-acd8-b16c96897234
KXALEAGUEGAME-25NOV08WPHAUC-TIE,2025-11-08T07:27:34.211835Z,0.2,139,no,065363cc-c7e0-5822-b845-9cd6aeef8f52
KXALEAGUEGAME-25NOV08WPHAUC-TIE,2025-11-08T07:27:28.863176Z,0.2,11,no,713812c9-bd68-4df2-aff7-a65293fc374e
KXALEAGUEGAME-25NOV08WPHAUC-TIE,2025-11-08T07:27:17.569363Z,0.14,6,no,2fa216ff-8923-7eb2-9181-2c539e25d437
KXALEAGUEGAME-25NOV08WPHAUC-TIE,2025-11-08T07:25:10.969723Z,0.24,197,yes,b8b066f9-19a5-673e-9a6a-c664db7f528f
KXALEAGUEGAME-25NOV08WPHAUC-TIE,2025-11-08T07:24:20.415899Z,0.18,22,no,f21e5daa-cf01-639b-7701-00572e70cabe
KXALEAGUEGAME-25NOV08WPHAUC-TIE,2025-11-08T07:23:56.591582Z,0.17,10,no,4afea669-0135-7a22-d589-f1c16a0a7f5c
KXALEAGUEGAME-25NOV08WPHAUC-TIE,2025-11-08T07:22:05.924781Z,0.23,4,yes,da1e0548-c346-42e1-c6af-b8ea263bf73c
KXALEAGUEGAME-25NOV08WPHAUC-TIE,2025-11-08T07:21:00.096452Z,0.23,50,yes,43af65f8-01ec-634b-5a49-4df6c8b15db0
KXALEAGUEGAME-25NOV08WPHAUC-TIE,2025-11-08T07:20:19.723471Z,0.23,57,yes,e4eff75e-c634-400b-c043-321995e579e7
KXALEAGUEGAME-25NOV08WPHAUC-TIE,2025-11-08T07:19:47.13496Z,0.21,64,no,f317a810-f8e2-7a7a-d00d-74686fb2d29d
KXALEAGUEGAME-25NOV08WPHAUC-TIE,2025-11-08T07:19:08.839857Z,0.26,1,yes,42431672-f527-7bce-a639-3e01ec44b038
KXALEAGUEGAME-25NOV08WPHAUC-TIE,2025-11-08T07:18:13.317973Z,0.24,100,no,11bfbef7-497d-5e76-bff4-ef10eeff7433
KXALEAGUEGAME-25NOV08WPHAUC-TIE,2025-11-08T07:18:10.414348Z,0.24,11,no,1ffd3cad-a9e5-55b6-0b68-14e821dc0adf
KXALEAGUEGAME-25NOV08WPHAUC-TIE,2025-11-08T07:17:54.105405Z,0.24,11,no,b83d8dbc-0899-712a-a9b2-dc188e2b199f
KXALEAGUEGAME-25NOV08WPHAUC-TIE,2025-11-08T07:15:35.160907Z,0.13,1,no,e253e622-e3bf-44da-323a-507c0310a100
KXALEAGUEGAME-25NOV08WPHAUC-TIE,2025-11-08T07:14:36.325646Z,0.33,16,yes,9947ca4d-5c67-4f84-ced6-492f90af8f1a
KXALEAGUEGAME-25NOV08WPHAUC-TIE,2025-11-08T07:14:17.593087Z,0.12,3,no,622cc01a-930d-572e-5c84-254f43adeb27
KXALEAGUEGAME-25NOV08WPHAUC-TIE,2025-11-08T07:13:53.419012Z,0.15,132,no,73e5f43d-1a9b-49e0-24c0-a5f925c195d0
KXALEAGUEGAME-25NOV08WPHAUC-TIE,2025-11-08T07:13:52.19715Z,0.16,17,no,ddf78a4b-a37b-57ac-ec0f-08988326b4bf
KXALEAGUEGAME-25NOV08WPHAUC-TIE,2025-11-08T07:13:52.19715Z,0.15,60,no,0ef4989e-721f-5554-c35f-65ca79bff740
KXALEAGUEGAME-25NOV08WPHAUC-TIE,2025-11-08T07:13:52.19486Z,0.16,81,no,e87a030b-71e3-4e20-d0d9-0671cd8b9eeb
KXALEAGUEGAME-25NOV08WPHAUC-TIE,2025-11-08T07:13:44.433885Z,0.16,2,no,09139730-ae73-6c8c-915d-4581c580525f
KXALEAGUEGAME-25NOV08WPHAUC-TIE,2025-11-08T07:12:29.693147Z,0.4,2,yes,dc962a42-f4d2-5468-106d-05d7d0746f35
KXALEAGUEGAME-25NOV08WPHAUC-TIE,2025-11-08T07:11:11.073764Z,0.19,21,yes,b612d04e-a7c2-44ca-0ed2-0a8ea2394fd7
KXALEAGUEGAME-25NOV08WPHAUC-TIE,2025-11-08T07:09:44.552267Z,0.12,1,no,0608212f-2d9d-5926-c5a7-5bc76408e743
KXALEAGUEGAME-25NOV08WPHAUC-TIE,2025-11-08T07:09:40.800915Z,0.12,17,no,890d08c8-c679-6f86-d6fb-9cf336cd04cf
KXALEAGUEGAME-25NOV08WPHAUC-TIE,2025-11-08T07:09:40.800915Z,0.15,11,no,06ff26d8-c909-68f8-c05b-35fed7d58596
KXALEAGUEGAME-25NOV08WPHAUC-TIE,2025-11-08T07:09:10.929276Z,0.14,10,no,aefc4d79-51a1-4d40-17bf-d9f42c1425b1
KXALEAGUEGAME-25NOV08WPHAUC-TIE,2025-11-08T07:08:35.534621Z,0.19,14,yes,c62420ca-82e4-7f56-61ca-8d51e414a44a
KXALEAGUEGAME-25NOV08WPHAUC-TIE,2025-11-08T07:08:19.319725Z,0.18,52,yes,8e29a9da-1987-7575-6149-623a7e28b10f
KXALEAGUEGAME-25NOV08WPHAUC-TIE,2025-11-08T07:07:10.892571Z,0.25,72,yes,ef995205-85f8-6b71-747e-7a9506c4c84d
KXALEAGUEGAME-25NOV08WPHAUC-TIE,2025-11-08T07:07:10.892571Z,0.19,38,yes,e53826f4-eade-66c6-5122-bdf45d415d93
KXALEAGUEGAME-25NOV08WPHAUC-TIE,2025-11-08T07:07:10.892571Z,0.3,6,yes,dd64e7b7-d704-69a1-4da4-5c68bf613c0d
KXALEAGUEGAME-25NOV08WPHAUC-TIE,2025-11-08T07:07:10.892571Z,0.3,10,yes,b3d553f5-a547-6d24-734b-e04324e2e90a
KXALEAGUEGAME-25NOV08WPHAUC-TIE,2025-11-08T07:07:10.892571Z,0.2,90,yes,b312aa03-1ead-627b-7aca-4fa72c7bded7
KXALEAGUEGAME-25NOV08WPHAUC-TIE,2025-11-08T07:07:10.892571Z,0.19,90,yes,ae003d68-deba-6e16-5b70-c6dc863e43ac
KXALEAGUEGAME-25NOV08WPHAUC-TIE,2025-11-08T07:07:10.892571Z,0.17,11,yes,9ab40ecf-948b-6cb3-4954-bdfef8c976b4
KXALEAGUEGAME-25NOV08WPHAUC-TIE,2025-11-08T07:07:10.892571Z,0.18,88,yes,72abe41b-630f-62ae-41a4-e53354d4244c
KXALEAGUEGAME-25NOV08WPHAUC-TIE,2025-11-08T07:07:10.892571Z,0.92,11,yes,1782722c-6df6-6e1c-524c-e2e59805949b
KXALEAGUEGAME-25NOV08WPHAUC-TIE,2025-11-08T07:07:02.921683Z,0.18,2,yes,a7e13a08-ddd3-4d86-0992-dd4ab9ddac3c
KXALEAGUEGAME-25NOV08WPHAUC-TIE,2025-11-08T07:06:00.807038Z,0.12,3,no,068c9be6-8ee1-7a5e-d121-b0faee0389ab
KXALEAGUEGAME-25NOV08WPHAUC-TIE,2025-11-08T07:03:46.874242Z,0.17,11,yes,5efe4212-5dce-4007-13ad-92dfa82ea74c
KXALEAGUEGAME-25NOV08WPHAUC-TIE,2025-11-08T07:03:15.435263Z,0.17,277,yes,d00a59ba-5826-5097-9367-eb653517e25c
KXALEAGUEGAME-25NOV08WPHAUC-TIE,2025-11-08T07:03:11.599628Z,0.12,47,no,3f4c346b-14a3-71bd-967a-5c517108499e
KXALEAGUEGAME-25NOV08WPHAUC-TIE,2025-11-08T07:03:07.109945Z,0.12,99,no,3242c5ed-54df-6105-a4be-3846c0211bbe
KXALEAGUEGAME-25NOV08WPHAUC-TIE,2025-11-08T07:02:27.309741Z,0.17,10,yes,030d2c7b-89a2-4be7-cdd6-3a08fcdacda0
KXALEAGUEGAME-25NOV08WPHAUC-TIE,2025-11-08T07:01:21.578302Z,0.18,99,yes,effdac12-a420-7020-aaf6-6ff42d8c025b
KXALEAGUEGAME-25NOV08WPHAUC-TIE,2025-11-08T07:00:56.720049Z,0.13,67,no,d4e178fb-b848-79a3-8fc9-9f5806133b5a
KXALEAGUEGAME-25NOV08WPHAUC-TIE,2025-11-08T07:00:56.720049Z,0.12,389,no,9e8ffdb8-3323-7155-8f15-f42f1e4272ba
KXALEAGUEGAME-25NOV08WPHAUC-TIE,2025-11-08T07:00:56.720049Z,0.14,50,no,282848a1-31e0-7413-b2ac-7194b15acadc
KXALEAGUEGAME-25NOV08WPHAUC-TIE,2025-11-08T07:00:56.720049Z,0.15,23,no,2156dc52-2e2a-7985-9fc8-f7a9291f3f18
KXALEAGUEGAME-25NOV08WPHAUC-TIE,2025-11-08T07:00:56.720049Z,0.14,263,no,0015edb6-4b4b-7aed-ba4c-e6edc1fee9c3
KXALEAGUEGAME-25NOV08WPHAUC-TIE,2025-11-08T07:00:17.720375Z,0.15,27,no,ad63e07c-dd86-45f9-f905-cdffe04c812c
KXALEAGUEGAME-25NOV08WPHAUC-TIE,2025-11-08T06:57:18.170464Z,0.16,173,no,5c28df1f-bc2c-45a3-2eea-e0e7bd5623fd
KXALEAGUEGAME-25NOV08WPHAUC-TIE,2025-11-08T06:56:45.239507Z,0.16,79,no,f42ced15-83fa-5fcb-ac82-461fc4451c42
KXALEAGUEGAME-25NOV08WPHAUC-TIE,2025-11-08T06:53:00.57854Z,0.19,14,yes,5d4e80df-3306-4618-25ff-f71fd40ee669
KXALEAGUEGAME-25NOV08WPHAUC-TIE,2025-11-08T06:51:15.655296Z,0.16,3,no,2f3461ed-dea2-5f2f-6a02-a2d1df4ebed6
KXALEAGUEGAME-25NOV08WPHAUC-TIE,2025-11-08T06:50:17.617965Z,0.19,14,yes,9adfbf49-35f8-42b9-3909-009589895578
KXALEAGUEGAME-25NOV08WPHAUC-TIE,2025-11-08T06:49:03.65816Z,0.18,64,yes,c24c83c3-51c7-55bc-81a8-57557d2f7e56
KXALEAGUEGAME-25NOV08WPHAUC-TIE,2025-11-08T06:49:03.65816Z,0.19,13,yes,aed686ef-2a9b-5ae8-a3c3-816d8e119377
KXALEAGUEGAME-25NOV08WPHAUC-TIE,2025-11-08T06:48:27.413549Z,0.18,15,yes,e6489e07-ba77-54a2-3367-89d924e3f3f9
KXALEAGUEGAME-25NOV08WPHAUC-TIE,2025-11-08T06:48:21.049792Z,0.11,11,no,cacd030d-df51-7e16-8fe9-9356ec3b146b
KXALEAGUEGAME-25NOV08WPHAUC-TIE,2025-11-08T06:48:21.049792Z,0.15,43,no,bf47f122-440e-757d-8e1e-ce4668d17693
KXALEAGUEGAME-25NOV08WPHAUC-TIE,2025-11-08T06:48:00.055254Z,0.16,49,no,bdd5a6ae-dc9d-4d5e-3967-20e3b393e82f
KXALEAGUEGAME-25NOV08WPHAUC-TIE,2025-11-08T06:48:00.055254Z,0.17,62,no,3d86b75d-f86c-475c-1ba1-1fbd3db3ce65
KXALEAGUEGAME-25NOV08WPHAUC-TIE,2025-11-08T06:47:47.065732Z,0.16,64,no,a4db0b7e-82fc-745d-21b9-cbc332dd7abb
KXALEAGUEGAME-25NOV08WPHAUC-TIE,2025-11-08T06:47:47.065732Z,0.15,13,no,0804b602-4496-74a9-1459-ca08b14c4213
KXALEAGUEGAME-25NOV08WPHAUC-TIE,2025-11-08T06:46:39.915228Z,0.16,2,no,0351d46d-bb24-69cd-2208-1f9033b28547
KXALEAGUEGAME-25NOV08WPHAUC-TIE,2025-11-08T06:46:23.866477Z,0.15,69,no,5adf586b-d3ca-7505-f832-40b46793ee77
KXALEAGUEGAME-25NOV08WPHAUC-TIE,2025-11-08T06:46:23.866477Z,0.16,51,no,020fc4ff-841c-77bc-c3a5-1d4357275900
KXALEAGUEGAME-25NOV08WPHAUC-TIE,2025-11-08T06:46:23.446468Z,0.16,12,no,4b912afc-ccd8-50c0-6f47-724796fbd9c8
KXALEAGUEGAME-25NOV08WPHAUC-TIE,2025-11-08T06:46:19.022608Z,0.16,33,no,125afb82-6f60-6f5c-ac1c-f3a347d70aa0
KXALEAGUEGAME-25NOV08WPHAUC-TIE,2025-11-08T06:45:34.352198Z,0.16,2,no,e8b26d70-3fbd-4caf-2c92-80a6a403b579
KXALEAGUEGAME-25NOV08WPHAUC-TIE,2025-11-08T06:43:37.002725Z,0.11,12,no,58ed73de-2e61-7952-317b-0eb0c91746f4
KXALEAGUEGAME-25NOV08WPHAUC-TIE,2025-11-08T06:43:09.1501Z,0.2,1,no,f47031db-8475-44f6-e925-22e22388f6b2
KXALEAGUEGAME-25NOV08WPHAUC-TIE,2025-11-08T06:42:45.984735Z,0.21,9,yes,97b2b98b-7d0b-73fd-c878-d8b6474a98de
KXALEAGUEGAME-25NOV08WPHAUC-TIE,2025-11-08T06:41:55.889568Z,0.2,4,no,0c17a750-0005-4aba-a409-397f95fe79de
KXALEAGUEGAME-25NOV08WPHAUC-TIE,2025-11-08T06:40:31.431149Z,0.24,38,yes,e4c93022-3459-5595-a78f-30a6d9785ab6
KXALEAGUEGAME-25NOV08WPHAUC-TIE,2025-11-08T06:40:31.431149Z,0.25,39,yes,db55cd91-3f33-5415-8072-9904b1887c20
KXALEAGUEGAME-25NOV08WPHAUC-TIE,2025-11-08T06:40:03.400711Z,0.08,5,no,3b1cdcf8-20ea-7d5d-3306-5f57a3898cd0
KXALEAGUEGAME-25NOV08WPHAUC-TIE,2025-11-08T06:40:03.400711Z,0.15,1,no,31589e73-a912-78bc-3a84-92844c112e70
KXALEAGUEGAME-25NOV08WPHAUC-TIE,2025-11-08T06:40:03.400711Z,0.09,41,no,094be784-0bc3-73f1-0d6e-bf6dada64acb
KXALEAGUEGAME-25NOV08WPHAUC-TIE,2025-11-08T06:39:34.984701Z,0.15,2,no,332a57f3-412a-40ec-f5b0-d19f973bd268
KXALEAGUEGAME-25NOV08WPHAUC-TIE,2025-11-08T06:39:21.362843Z,0.15,19,no,a8d5df80-363e-4a6c-3265-e7f69a696938
KXALEAGUEGAME-25NOV08WPHAUC-TIE,2025-11-08T06:39:11.223014Z,0.19,39,yes,f5cc0927-e799-473c-5cf6-0d2ac57447d5
KXALEAGUEGAME-25NOV08WPHAUC-TIE,2025-11-08T06:39:11.223014Z,0.18,37,yes,b03e40af-f0d9-4e62-702f-40168e1f86a9
KXALEAGUEGAME-25NOV08WPHAUC-TIE,2025-11-08T06:38:40.626835Z,0.19,5,yes,f14da67b-b189-66cc-1720-8cb2793a8119
KXALEAGUEGAME-25NOV08WPHAUC-TIE,2025-11-08T06:38:40.626835Z,0.19,7,yes,95c7d236-722a-6ed5-1f81-e5db1f0a5fbe
KXALEAGUEGAME-25NOV08WPHAUC-TIE,2025-11-08T06:38:40.626835Z,0.18,39,yes,26323dc0-02e7-6d34-0389-6a00ea28db60
KXALEAGUEGAME-25NOV08WPHAUC-TIE,2025-11-08T06:38:33.893557Z,0.18,5,yes,30259692-ae7f-5808-d150-cdfa661cd9f8
KXALEAGUEGAME-25NOV08WPHAUC-TIE,2025-11-08T06:38:04.8536Z,0.19,14,yes,35fd8da3-f44f-5fd3-bbdc-ca65abedee74
KXALEAGUEGAME-25NOV08WPHAUC-TIE,2025-11-08T06:36:17.139612Z,0.15,28,no,ef0e7e66-f356-62b0-01a5-2fafb425ffa8
KXALEAGUEGAME-25NOV08WPHAUC-TIE,2025-11-08T06:36:17.139612Z,0.15,1,no,2f9847cf-2772-6126-17bf-433cb47a39ba
KXALEAGUEGAME-25NOV08WPHAUC-TIE,2025-11-08T06:36:04.892367Z,0.15,4,no,5d534f76-ca0a-5682-bbba-84a6167c1ffe
KXALEAGUEGAME-25NOV08WPHAUC-TIE,2025-11-08T06:34:20.60283Z,0.3,49,no,2e3497cb-528d-66d4-9792-6da666e9d802
KXALEAGUEGAME-25NOV08WPHAUC-TIE,2025-11-08T06:32:57.392669Z,0.3,1,no,d10aacb9-b449-4c4c-2f82-7f33c29be7d2
KXALEAGUEGAME-25NOV08WPHAUC-TIE,2025-11-08T06:32:17.404686Z,0.33,14,yes,d78c2375-80f5-4968-6709-2d0215f5c29f
KXALEAGUEGAME-25NOV08WPHAUC-TIE,2025-11-08T06:31:54.713954Z,0.34,49,yes,0502f47a-0742-5aa7-907d-af14d58d8aa5
KXALEAGUEGAME-25NOV08WPHAUC-TIE,2025-11-08T06:31:53.769653Z,0.33,2,no,3d8de498-010d-495d-0f62-9e6cf5d248d3
KXALEAGUEGAME-25NOV08WPHAUC-TIE,2025-11-08T06:31:46.040838Z,0.33,38,yes,87d13f46-d84f-5908-aef6-c5724d97fbcb
KXALEAGUEGAME-25NOV08WPHAUC-TIE,2025-11-08T06:31:46.040838Z,0.33,69,yes,81e9715b-efd8-56ad-bb6d-69c30f5505a5
KXALEAGUEGAME-25NOV08WPHAUC-TIE,2025-11-08T06:31:43.359372Z,0.32,41,yes,7a469320-4971-5bca-bac5-a2d3741c69f0
KXALEAGUEGAME-25NOV08WPHAUC-TIE,2025-11-08T06:31:33.06536Z,0.32,17,yes,e7c590dc-3c55-7a26-de41-bfe87a9c9678
KXALEAGUEGAME-25NOV08WPHAUC-TIE,2025-11-08T06:30:57.132587Z,0.32,11,yes,7398cae0-c08d-7d8e-f36c-936ac3eac908
KXALEAGUEGAME-25NOV08WPHAUC-TIE,2025-11-08T06:30:14.711656Z,0.32,23,yes,1f2f32ee-33b2-7f98-7a95-75773756dfa5
KXALEAGUEGAME-25NOV08WPHAUC-TIE,2025-11-08T06:29:55.968074Z,0.3,6,yes,45fdf67d-4e0a-78ce-6323-cd060ad80ee2
KXALEAGUEGAME-25NOV08WPHAUC-TIE,2025-11-08T06:29:04.077822Z,0.33,80,yes,f5fa7259-7c64-6cd9-a27d-c45ed80f1059
KXALEAGUEGAME-25NOV08WPHAUC-TIE,2025-11-08T06:29:04.077822Z,0.32,79,yes,f331a89e-202d-6b67-b092-cb6ca252836f
KXALEAGUEGAME-25NOV08WPHAUC-TIE,2025-11-08T06:29:04.077822Z,0.39,78,yes,e24e2296-cf2b-6615-9373-425ed1508425
KXALEAGUEGAME-25NOV08WPHAUC-TIE,2025-11-08T06:29:04.077822Z,0.38,78,yes,d601e96e-3e57-60da-b791-a0728044238b
KXALEAGUEGAME-25NOV08WPHAUC-TIE,2025-11-08T06:29:04.077822Z,0.41,58,yes,d4579299-edf7-6668-8682-ac671f3b1e1f
KXALEAGUEGAME-25NOV08WPHAUC-TIE,2025-11-08T06:29:04.077822Z,0.31,79,yes,cf758ca7-db6d-67e1-8069-a8e140db9dc3
KXALEAGUEGAME-25NOV08WPHAUC-TIE,2025-11-08T06:29:04.077822Z,0.39,133,yes,55494458-0f48-6510-80f3-b30a700b318a
KXALEAGUEGAME-25NOV08WPHAUC-TIE,2025-11-08T06:29:04.077822Z,0.4,89,yes,40e9c921-1a36-6f04-b75c-4ac13ae4060a
KXALEAGUEGAME-25NOV08WPHAUC-TIE,2025-11-08T06:29:04.077822Z,0.34,80,yes,0273c24f-f361-69cc-995b-27a974ea6046
KXALEAGUEGAME-25NOV08WPHAUC-TIE,2025-11-08T06:29:04.077822Z,0.32,38,yes,008ed26d-5e99-6a88-9cae-a4d075d03b89
KXALEAGUEGAME-25NOV08WPHAUC-TIE,2025-11-08T06:29:03.90219Z,0.29,41,no,1c56ee85-73eb-42b0-360e-cbf62950d475
KXALEAGUEGAME-25NOV08WPHAUC-TIE,2025-11-08T06:28:30.196164Z,0.28,6,no,2d3cf63d-d45d-4fe5-9ca4-5239273da187
KXALEAGUEGAME-25NOV08WPHAUC-TIE,2025-11-08T06:28:11.656015Z,0.32,36,yes,a431db3b-d628-45b9-c3f0-b9677e40c1fd
KXALEAGUEGAME-25NOV08WPHAUC-TIE,2025-11-08T06:28:11.656015Z,0.31,24,yes,838ab2dd-0cc7-4255-cbf3-9a78c61819af
KXALEAGUEGAME-25NOV08WPHAUC-TIE,2025-11-08T06:27:42.615494Z,0.31,30,yes,2fbae284-ce33-4e0d-afe8-45fc7ae17c4f
KXALEAGUEGAME-25NOV08WPHAUC-TIE,2025-11-08T06:27:25.046949Z,0.32,29,yes,503dcfe3-50fd-4bd7-bc85-5de18a99d64c
KXALEAGUEGAME-25NOV08WPHAUC-TIE,2025-11-08T06:27:00.990681Z,0.31,47,yes,ff07a6e3-72d5-65a8-736f-31046c811dea
KXALEAGUEGAME-25NOV08WPHAUC-TIE,2025-11-08T06:27:00.990681Z,0.87,7,yes,bd255ddf-687c-6367-6828-eee38bb872a4
KXALEAGUEGAME-25NOV08WPHAUC-TIE,2025-11-08T06:27:00.990681Z,0.32,47,yes,a46804f0-8d26-69a2-4dcb-86b4360cc4c7
KXALEAGUEGAME-25NOV08WPHAUC-TIE,2025-11-08T06:27:00.990681Z,0.32,38,yes,7f449edd-1fad-68d7-53d3-766b0550b769
KXALEAGUEGAME-25NOV08WPHAUC-TIE,2025-11-08T06:26:40.561603Z,0.32,38,yes,bb824686-679c-598a-c970-ac6d31c7f23b
KXALEAGUEGAME-25NOV08WPHAUC-TIE,2025-11-08T06:26:40.561603Z,0.31,49,yes,526f08f8-ddbc-5fe4-da5c-6a337a0c4a6a
KXALEAGUEGAME-25NOV08WPHAUC-TIE,2025-11-08T06:26:40.561603Z,0.33,14,yes,28282964-0f16-5338-cf84-7f47bd4a30b3
KXALEAGUEGAME-25NOV08WPHAUC-TIE,2025-11-08T06:26:40.561603Z,0.32,49,yes,0c5cc2a1-ea38-5cdf-cfdc-b39011d0dade
KXALEAGUEGAME-25NOV08WPHAUC-TIE,2025-11-08T06:26:33.247631Z,0.3,39,yes,3efa9d73-9c39-4e68-33e4-e0fd55744250
KXALEAGUEGAME-25NOV08WPHAUC-TIE,2025-11-08T06:26:32.882986Z,0.31,15,yes,61a07902-6303-5ff3-02a7-32d19001847b
KXALEAGUEGAME-25NOV08WPHAUC-TIE,2025-11-08T06:25:52.257511Z,0.31,15,yes,26d8f92a-68d8-7576-011b-f79c886ce873
KXALEAGUEGAME-25NOV08WPHAUC-TIE,2025-11-08T06:25:25.166008Z,0.25,4,no,ef4ef9f3-5049-6bb2-d6cd-b996e2dd9a87
KXALEAGUEGAME-25NOV08WPHAUC-TIE,2025-11-08T06:24:56.467358Z,0.31,15,yes,dd67a901-c75b-4846-02ac-888cd36b3a5a
KXALEAGUEGAME-25NOV08WPHAUC-TIE,2025-11-08T06:24:06.221674Z,0.31,15,yes,48f65acb-d0aa-5c1e-2bee-c91c41d128be
KXALEAGUEGAME-25NOV08WPHAUC-TIE,2025-11-08T06:23:34.208424Z,0.31,15,yes,e3952555-7702-748a-bcd1-229707256dba
KXALEAGUEGAME-25NOV08WPHAUC-TIE,2025-11-08T06:21:20.249245Z,0.3,34,yes,22683ba1-313c-7ff8-d704-6a46def7d3a5
KXALEAGUEGAME-25NOV08WPHAUC-TIE,2025-11-08T06:20:56.601206Z,0.31,4,yes,658b34cc-1910-5940-03a3-3ec39b75eea6
KXALEAGUEGAME-25NOV08WPHAUC-TIE,2025-11-08T06:20:56.601206Z,0.3,59,yes,55ef6149-e41a-5225-261c-0a6a88d11656
KXALEAGUEGAME-25NOV08WPHAUC-TIE,2025-11-08T06:20:37.627616Z,0.3,15,yes,88172886-be52-4035-d4c8-e66c362e8912
KXALEAGUEGAME-25NOV08WPHAUC-TIE,2025-11-08T06:19:57.085465Z,0.3,31,yes,67e05fd9-4a62-61e4-4049-9c3b19d83b9e
KXALEAGUEGAME-25NOV08WPHAUC-TIE,2025-11-08T06:19:48.774391Z,0.3,43,yes,c1ca19de-cec1-4ea3-3abb-c67fe3bcaab3
KXALEAGUEGAME-25NOV08WPHAUC-TIE,2025-11-08T06:19:48.774391Z,0.3,36,yes,49432998-de92-4f10-0cbf-ef37d7bbdeb6
KXALEAGUEGAME-25NOV08WPHAUC-TIE,2025-11-08T06:19:26.074727Z,0.3,2,yes,80a8a733-3091-5f8b-1c42-f6fc621ea4b3
KXALEAGUEGAME-25NOV08WPHAUC-TIE,2025-11-08T06:18:39.943757Z,0.3,24,yes,fc287a9c-a296-6141-2c79-6699c4ffec28
KXALEAGUEGAME-25NOV08WPHAUC-TIE,2025-11-08T06:18:39.943757Z,0.5,20,yes,f9fc76f4-6ea4-68e6-0d19-f50099647535
KXALEAGUEGAME-25NOV08WPHAUC-TIE,2025-11-08T06:18:39.943757Z,0.63,11,yes,bcd9aeb3-cc5b-64a0-1f5f-2bd932e08d42
KXALEAGUEGAME-25NOV08WPHAUC-TIE,2025-11-08T06:18:39.943757Z,0.31,38,yes,b51c018b-2c17-679d-35e1-7364781ece8b
KXALEAGUEGAME-25NOV08WPHAUC-TIE,2025-11-08T06:18:39.943757Z,0.5,26,yes,95a922bd-b61e-6f66-10c7-d43b9b33ae1a
KXALEAGUEGAME-25NOV08WPHAUC-TIE,2025-11-08T06:18:39.943757Z,0.49,29,yes,8453c24e-a770-6061-0816-6c913f868e64
KXALEAGUEGAME-25NOV08WPHAUC-TIE,2025-11-08T06:18:39.943757Z,0.84,39,yes,7a285428-8ff8-6dea-21a6-ed8eeaf74e9f
KXALEAGUEGAME-25NOV08WPHAUC-TIE,2025-11-08T06:18:39.943757Z,0.51,23,yes,07db7716-1552-65af-18d6-289a398566d9
KXALEAGUEGAME-25NOV08WPHAUC-TIE,2025-11-08T06:18:19.056662Z,0.3,31,yes,618acec5-fa7b-472e-882f-61d5faa6623f
KXALEAGUEGAME-25NOV08WPHAUC-TIE,2025-11-08T06:16:49.966223Z,0.29,16,yes,c4d031c8-633b-7857-ac5d-eecaa3587477
KXALEAGUEGAME-25NOV08WPHAUC-TIE,2025-11-08T06:15:27.647476Z,0.29,67,no,8625a05f-3b04-7cb9-f41e-1d849a10bdc7
KXALEAGUEGAME-25NOV08WPHAUC-TIE,2025-11-08T06:15:27.606482Z,0.29,38,yes,ab99ccc0-bdf0-6e07-8ddf-adb819f9c63c
KXALEAGUEGAME-25NOV08WPHAUC-TIE,2025-11-08T06:15:27.606482Z,0.29,41,yes,4bf7176e-03c4-6a27-9e84-fe6106399561
KXALEAGUEGAME-25NOV08WPHAUC-TIE,2025-11-08T06:14:49.821921Z,0.28,54,yes,022b69e7-1c8a-6762-a302-268424e428a3
KXALEAGUEGAME-25NOV08WPHAUC-TIE,2025-11-08T06:14:33.029841Z,0.28,53,yes,b33feb63-4725-5995-e7d0-432b354040bd
KXALEAGUEGAME-25NOV08WPHAUC-TIE,2025-11-08T06:14:33.029841Z,0.29,11,yes,5bbbd592-adf0-5c37-ec67-de444ba76091
KXALEAGUEGAME-25NOV08WPHAUC-TIE,2025-11-08T06:13:36.57523Z,0.28,246,yes,bd08ce9c-f7d0-53b5-e83e-e08653befd90
KXALEAGUEGAME-25NOV08WPHAUC-TIE,2025-11-08T06:13:36.57523Z,0.29,85,yes,6c028fea-0d1c-5270-e336-b003488c791f
KXALEAGUEGAME-25NOV08WPHAUC-TIE,2025-11-08T06:13:25.949508Z,0.08,1,no,46ff9892-ec12-6769-06e5-32769193ffcc
KXALEAGUEGAME-25NOV08WPHAUC-TIE,2025-11-08T06:13:15.874653Z,0.28,17,yes,99b15693-3bb4-76b5-487d-47f3fbbba484
KXALEAGUEGAME-25NOV08WPHAUC-TIE,2025-11-08T06:12:13.511203Z,0.05,15,no,40b3ff44-968a-4a5e-48d1-eb782aea8c6a
KXALEAGUEGAME-25NOV08WPHAUC-TIE,2025-11-08T06:11:40.03555Z,0.39,4,yes,374bae13-ed0c-57f4-c6d7-4a181e909a64
KXALEAGUEGAME-25NOV08WPHAUC-TIE,2025-11-08T06:11:18.944031Z,0.05,16,no,9a0db241-298a-45f6-f050-dcfa73e062c2
KXALEAGUEGAME-25NOV08WPHAUC-TIE,2025-11-08T06:10:15.129959Z,0.4,6,yes,87d1a757-909f-6cb8-44b7-120d21478e62
KXALEAGUEGAME-25NOV08WPHAUC-TIE,2025-11-08T06:10:15.129959Z,0.05,41,yes,582ae1ab-479c-6572-707c-f53e11edd60f
KXALEAGUEGAME-25NOV08WPHAUC-TIE,2025-11-08T06:10:12.1832Z,0.05,70,yes,4d65bbb7-9504-64e2-95eb-768a7c99dbef
KXALEAGUEGAME-25NOV08WPHAUC-TIE,2025-11-08T06:07:26.104148Z,0.05,26,no,7eb408dc-c9f0-730b-4aa8-7c32cb897a8d
KXALEAGUEGAME-25NOV08WPHAUC-TIE,2025-11-08T06:05:54.120349Z,0.18,5,yes,4f502fc2-74b3-79f0-26d1-c7f9e625db9f
KXALEAGUEGAME-25NOV08WPHAUC-TIE,2025-11-08T06:02:44.482504Z,0.2,5,no,46ae9adb-70a5-4d40-73a0-1f60009bfdb1
KXALEAGUEGAME-25NOV08WPHAUC-TIE,2025-11-08T06:01:39.959343Z,0.2,15,no,6ed555c7-7811-60b0-85fb-068c6d591f41
KXALEAGUEGAME-25NOV08WPHAUC-TIE,2025-11-08T05:59:49.15245Z,0.34,26,yes,f0386cf7-5663-695b-f018-fb9b14242892
KXALEAGUEGAME-25NOV08WPHAUC-TIE,2025-11-08T05:59:49.15245Z,0.35,94,yes,011fe217-8704-6c96-c46d-fa9e89c2623f
KXALEAGUEGAME-25NOV08WPHAUC-TIE,2025-11-08T05:41:15.169299Z,0.34,22,yes,d0639c96-33fb-7acf-b55c-e882d4c010ba
KXALEAGUEGAME-25NOV08WPHAUC-TIE,2025-11-08T05:38:13.797482Z,0.35,1608,yes,920b11df-b24c-57a6-7dd2-17ba958e52d3
KXALEAGUEGAME-25NOV08WPHAUC-TIE,2025-11-08T05:37:01.037271Z,0.35,2,yes,a1c922c7-2b48-46e6-77b7-eb1a0ab084d7
KXALEAGUEGAME-25NOV08WPHAUC-TIE,2025-11-08T05:14:19.545263Z,0.35,90,yes,dff680c0-2770-69e2-154a-f31bb0c2ecff
KXALEAGUEGAME-25NOV08WPHAUC-TIE,2025-11-08T05:09:12.468917Z,0.35,27,yes,42cf2194-7f94-5c0a-5c5a-91a95eb3387f
