ticker,created_time,price,count,taker_side,trade_id
KXATPMATCH-25NOV08DJOMUS-DJO,2025-11-08T18:15:32.851754Z,0.99,154,no,634db5c8-4411-7934-3c07-55d323ecdedc
KXATPMATCH-25NOV08DJOMUS-DJO,2025-11-08T18:15:10.052753Z,0.99,325,no,da1157d6-27c1-589c-c04f-f5d126975f14
KXATPMATCH-25NOV08DJOMUS-DJO,2025-11-08T18:15:06.727967Z,0.99,108,no,c4970fb3-6821-7fec-9eb8-a145a9f2f944
KXATPMATCH-25NOV08DJOMUS-DJO,2025-11-08T18:14:36.569176Z,0.99,31,no,6061028d-9b7d-7bf4-2bb9-b9d9aabd7db0
KXATPMATCH-25NOV08DJOMUS-DJO,2025-11-08T18:14:21.772368Z,0.99,558,no,3ba9fbb5-2c51-5974-53f9-981450bcf240
KXATPMATCH-25NOV08DJOMUS-DJO,2025-11-08T18:14:20.249058Z,0.99,228,no,621b0f9d-0fbd-4c00-fa2f-77e7cecd31f4
KXATPMATCH-25NOV08DJOMUS-DJO,2025-11-08T18:14:16.118366Z,0.99,111,no,8209338d-de5d-68cc-14a5-f491cdc2cf50
KXATPMATCH-25NOV08DJOMUS-DJO,2025-11-08T18:13:58.198981Z,0.99,1334,no,8e8b2c43-c041-7418-635a-1a3be99c3734
KXATPMATCH-25NOV08DJOMUS-DJO,2025-11-08T18:13:54.318379Z,0.99,47,no,8f3ea362-00b1-7684-d59e-d8f2aecbdc14
KXATPMATCH-25NOV08DJOMUS-DJO,2025-11-08T18:13:45.873693Z,0.99,5,no,91f54df2-9a89-5bec-7f86-7b504510c1bc
KXATPMATCH-25NOV08DJOMUS-DJO,2025-11-08T18:13:45.836268Z,0.99,460,no,ee228647-e605-6408-0551-f94640034b74
KXATPMATCH-25NOV08DJOMUS-DJO,2025-11-08T18:13:43.855776Z,0.99,25,no,f1a3d583-e5c5-6470-e0eb-65e6087baa50
KXATPMATCH-25NOV08DJOMUS-DJO,2025-11-08T18:13:42.40287Z,0.99,739,no,a78acf01-f25d-6a18-ca09-4a7c6802f198
KXATPMATCH-25NOV08DJOMUS-DJO,2025-11-08T18:13:41.852144Z,0.99,157,no,39e03377-aac5-68e4-3b12-c6042c41d72c
KXATPMATCH-25NOV08DJOMUS-DJO,2025-11-08T18:13:30.052261Z,0.99,154,no,faf2d10f-fd91-767c-655e-9648fb38b9d8
KXATPMATCH-25NOV08DJOMUS-DJO,2025-11-08T18:13:21.33045Z,0.99,103,no,fdf2d69a-3b79-7634-6ff9-3e85f0e22eec
KXATPMATCH-25NOV08DJOMUS-DJO,2025-11-08T18:13:12.085524Z,0.99,195,no,9da87082-8d51-4780-b356-82926d613c58
KXATPMATCH-25NOV08DJOMUS-DJO,2025-11-08T18:13:03.857156Z,0.99,6,no,e8f284e5-80a5-4768-0beb-8c6e368e6af4
KXATPMATCH-25NOV08DJOMUS-DJO,2025-11-08T18:12:52.353549Z,0.99,20,no,74b15309-3e19-4480-4303-5a45d6b09960
KXATPMATCH-25NOV08DJOMUS-DJO,2025-11-08T18:12:51.63445Z,0.99,640,no,11fe67f6-e305-4600-d60a-2938885e8a5c
KXATPMATCH-25NOV08DJOMUS-DJO,2025-11-08T18:12:50.616206Z,0.99,130,no,9e16275c-ffa5-6584-a52d-03b235c15a74
KXATPMATCH-25NOV08DJOMUS-DJO,2025-11-08T18:12:49.848903Z,0.99,13,no,30f263e7-1271-7b18-4b80-6a2206e78a08
KXATPMATCH-25NOV08DJOMUS-DJO,2025-11-08T18:12:48.387046Z,0.99,15,no,9dc72fa0-0a79-4148-3463-585137ec9fc4
KXATPMATCH-25NOV08DJOMUS-DJO,2025-11-08T18:12:45.438394Z,0.99,5437,no,6abc8de4-6b59-7af0-f60a-3381f9e53c24
KXATPMATCH-25NOV08DJOMUS-DJO,2025-11-08T18:12:42.633674Z,0.99,348,no,9b97f72b-7b59-5b14-e46a-3f9e9c8d1d94
KXATPMATCH-25NOV08DJOMUS-DJO,2025-11-08T18:12:42.633674Z,0.99,565,no,08982893-912f-55ad-c804-8561174ae354
KXATPMATCH-25NOV08DJOMUS-DJO,2025-11-08T18:12:37.187707Z,0.99,1748,no,8d29f83c-45b3-57fd-6ce6-b06aa1075e08
KXATPMATCH-25NOV08DJOMUS-DJO,2025-11-08T18:12:16.921207Z,0.99,53,no,1bc8585e-aaaf-6a99-13a8-8466ecb46c80
KXATPMATCH-25NOV08DJOMUS-DJO,2025-11-08T18:12:09.787916Z,0.99,7,no,50b517f0-1e1b-7f91-c12a-f1ce90c45c84
KXATPMATCH-25NOV08DJOMUS-DJO,2025-11-08T18:12:08.999953Z,0.99,40,no,cb3d1705-2eef-6fdd-3862-a42d74e8a56c
KXATPMATCH-25NOV08DJOMUS-DJO,2025-11-08T18:12:02.917292Z,0.99,57,no,8b6d38a8-c1c3-5da1-deaa-eae5c474c688
KXATPMATCH-25NOV08DJOMUS-DJO,2025-11-08T18:11:59.761057Z,0.99,7,no,86c5c9f2-88f3-60c5-54bb-1872af5f44a0
KXATPMATCH-25NOV08DJOMUS-DJO,2025-11-08T18:11:58.383916Z,0.99,48,no,e862319b-d4a3-4f35-cd1c-b8946da6a158
KXATPMATCH-25NOV08DJOMUS-DJO,2025-11-08T18:11:56.764178Z,0.99,2,no,a86f633d-c60b-7a69-6ae1-4d301c5e8c54
KXATPMATCH-25NOV08DJOMUS-DJO,2025-11-08T18:11:54.916725Z,0.99,369,no,5fb97f17-37e7-46c5-b20a-ebcc6baec060
KXATPMATCH-25NOV08DJOMUS-DJO,2025-11-08T18:11:52.214388Z,0.99,104,no,e1118f88-cddb-4335-1046-d895a5ffac34
KXATPMATCH-25NOV08DJOMUS-DJO,2025-11-08T18:11:52.214388Z,0.99,796,no,928ea9d8-12af-4b67-1c27-44acb7c7222d
KXATPMATCH-25NOV08DJOMUS-DJO,2025-11-08T18:11:52.050886Z,0.99,53,no,3737cde3-9f0f-4793-68a1-d3c44ad0b971
KXATPMATCH-25NOV08DJOMUS-DJO,2025-11-08T18:11:50.36002Z,0.99,23,no,cc7218b7-800b-4923-3891-d3f6b8f354b1
KXATPMATCH-25NOV08DJOMUS-DJO,2025-11-08T18:11:49.675511Z,0.99,128,no,b328d833-0993-457f-da22-4e9c50f83b05
KXATPMATCH-25NOV08DJOMUS-DJO,2025-11-08T18:11:49.675511Z,0.99,86,no,a379e8d6-f26b-4e1a-d15e-0cb3196199fb
KXATPMATCH-25NOV08DJOMUS-DJO,2025-11-08T18:11:48.436665Z,0.99,355,no,bed31c55-966b-7d0e-4f0e-bd845fddadfb
KXATPMATCH-25NOV08DJOMUS-DJO,2025-11-08T18:11:45.748383Z,0.99,6,no,9ff80a58-092f-549a-4406-9fde8ec19713
KXATPMATCH-25NOV08DJOMUS-DJO,2025-11-08T18:11:45.745438Z,0.99,75,no,f7bd8b89-edfe-425d-a6d7-bf5b53a53bcd
KXATPMATCH-25NOV08DJOMUS-DJO,2025-11-08T18:11:45.745438Z,0.99,53,no,97547d09-d847-41de-9f0c-dccca776105b
KXATPMATCH-25NOV08DJOMUS-DJO,2025-11-08T18:11:45.055499Z,0.99,4871,no,95293d5f-702e-5af1-a267-0cb2e626b73d
KXATPMATCH-25NOV08DJOMUS-DJO,2025-11-08T18:11:44.655316Z,0.99,17,no,b46ac91c-7b36-5709-e8a0-fa37100092a1
KXATPMATCH-25NOV08DJOMUS-DJO,2025-11-08T18:11:44.262794Z,0.99,128,no,b1e5f405-8b3a-4bdd-e61d-9b023b087a2d
KXATPMATCH-25NOV08DJOMUS-DJO,2025-11-08T18:11:42.641832Z,0.99,16,no,65a99cce-5f0e-7e59-d10b-cdb5c189fb49
KXATPMATCH-25NOV08DJOMUS-DJO,2025-11-08T18:11:41.039793Z,0.99,141,no,1ce4b175-a55a-58d1-31b4-ceed001cd55d
KXATPMATCH-25NOV08DJOMUS-DJO,2025-11-08T18:11:39.783786Z,0.99,1049,no,5e5ab91a-bc6e-6795-5faf-3e9da45e7f4d
KXATPMATCH-25NOV08DJOMUS-DJO,2025-11-08T18:11:38.141672Z,0.99,129,no,75337254-8a7e-4941-072b-f39b2d6dff0d
KXATPMATCH-25NOV08DJOMUS-DJO,2025-11-08T18:11:31.851804Z,0.99,71,no,42f5a765-f56e-699d-c41a-5b76d3921a99
KXATPMATCH-25NOV08DJOMUS-DJO,2025-11-08T18:11:30.538367Z,0.99,318,no,1fe911ad-a76a-6ac9-6c0e-a5960d093399
KXATPMATCH-25NOV08DJOMUS-DJO,2025-11-08T18:11:14.444363Z,0.99,470,no,7d633f5e-89d6-587d-b198-107eb391fa55
KXATPMATCH-25NOV08DJOMUS-DJO,2025-11-08T18:11:13.521132Z,0.99,36,no,ac3bd4ea-ada2-4abd-0e05-8609d8e95d8d
KXATPMATCH-25NOV08DJOMUS-DJO,2025-11-08T18:11:12.652685Z,0.99,1000,no,aced6a38-2eea-7e39-581f-71bd7d184965
KXATPMATCH-25NOV08DJOMUS-DJO,2025-11-08T18:11:11.52496Z,0.99,35,no,3151dea0-ef72-73a1-2113-e95351a76e9d
KXATPMATCH-25NOV08DJOMUS-DJO,2025-11-08T18:11:09.817264Z,0.99,1362,no,2f392918-fa42-48b1-4229-5db3e3edc3ed
KXATPMATCH-25NOV08DJOMUS-DJO,2025-11-08T18:11:09.696647Z,0.99,29,no,57c41bdd-1a9a-584d-2e24-180e580f4335
KXATPMATCH-25NOV08DJOMUS-DJO,2025-11-08T18:11:09.63341Z,0.99,202,no,9e0e29a1-486a-5acd-47f5-a6f26ca0f0b5
KXATPMATCH-25NOV08DJOMUS-DJO,2025-11-08T18:11:06.450676Z,0.99,500,no,ee132561-038e-46c9-39d2-7b5f08e7d659
KXATPMATCH-25NOV08DJOMUS-DJO,2025-11-08T18:11:04.917968Z,0.99,2015,no,f9ff63e5-faea-6879-3864-2e9eb3383239
KXATPMATCH-25NOV08DJOMUS-DJO,2025-11-08T18:11:04.723209Z,0.99,672,no,ee491ffa-6ace-4e65-bf04-923804a67191
KXATPMATCH-25NOV08DJOMUS-DJO,2025-11-08T18:11:02.454837Z,0.99,857,no,0fe87bf0-bd26-4c75-2b40-ede6198a8da5
KXATPMATCH-25NOV08DJOMUS-DJO,2025-11-08T18:11:02.441497Z,0.99,69,no,97145383-78f6-6a41-d939-860518f2048d
KXATPMATCH-25NOV08DJOMUS-DJO,2025-11-08T18:11:00.431729Z,0.99,88,no,8d861293-769a-778d-1631-c5136bc107f9
KXATPMATCH-25NOV08DJOMUS-DJO,2025-11-08T18:10:58.641602Z,0.99,28,no,725831de-7ece-4475-d061-dae703b4ec81
KXATPMATCH-25NOV08DJOMUS-DJO,2025-11-08T18:10:58.617268Z,0.99,45,no,b89534f4-0fd6-4fdd-30d8-59085ff67f4d
KXATPMATCH-25NOV08DJOMUS-DJO,2025-11-08T18:10:57.525023Z,0.99,14,no,d4814927-d24e-58dd-bed8-d9abce77f4f9
KXATPMATCH-25NOV08DJOMUS-DJO,2025-11-08T18:10:57.458344Z,0.99,325,no,e6014119-23c2-4535-6ed9-7dc6e0a2c069
KXATPMATCH-25NOV08DJOMUS-DJO,2025-11-08T18:10:56.326725Z,0.99,66,no,46017ac9-546a-51b9-f509-45881ade06e9
KXATPMATCH-25NOV08DJOMUS-DJO,2025-11-08T18:10:55.892205Z,0.99,702,no,e53fc9f4-9822-4789-72d2-0a0d8e576b25
KXATPMATCH-25NOV08DJOMUS-DJO,2025-11-08T18:10:55.192855Z,0.99,1014,no,4ccc8ee6-731e-4fb9-63ac-48507ba38725
KXATPMATCH-25NOV08DJOMUS-DJO,2025-11-08T18:10:55.159351Z,0.99,404,no,56bfdb04-257e-6ced-52c2-6f0e36c6881d
KXATPMATCH-25NOV08DJOMUS-DJO,2025-11-08T18:10:55.158817Z,0.99,252,no,67c42ceb-a2fa-43e9-38d6-91ea39d5a4d1
KXATPMATCH-25NOV08DJOMUS-DJO,2025-11-08T18:10:54.559114Z,0.99,326,no,d6f03cb0-b6c8-47b7-2a1e-af720f85733b
KXATPMATCH-25NOV08DJOMUS-DJO,2025-11-08T18:10:54.389417Z,0.99,89,no,3551bb97-58a4-635f-f46b-092995988253
KXATPMATCH-25NOV08DJOMUS-DJO,2025-11-08T18:10:52.913859Z,0.98,1127,no,efd88422-51d9-69ec-b610-980f6e3b4756
KXATPMATCH-25NOV08DJOMUS-DJO,2025-11-08T18:10:52.913859Z,0.99,1542,no,aebc5303-1c8d-6fda-95e8-8105e31c5b17
KXATPMATCH-25NOV08DJOMUS-DJO,2025-11-08T18:10:52.913859Z,0.99,599,no,1ee6b4e8-8437-6ba8-910d-5f27b7d9ed4d
KXATPMATCH-25NOV08DJOMUS-DJO,2025-11-08T18:10:52.913859Z,0.99,20,no,0b0855ce-1bb1-64ea-9b7a-737117841ac1
KXATPMATCH-25NOV08DJOMUS-DJO,2025-11-08T18:10:52.876422Z,0.99,35,no,3a8d251a-4229-4bf2-6cef-fef3dd26a787
KXATPMATCH-25NOV08DJOMUS-DJO,2025-11-08T18:10:51.840025Z,0.99,2,no,78c7bfa9-b62d-65e2-e4c7-8a53307e22c3
KXATPMATCH-25NOV08DJOMUS-DJO,2025-11-08T18:10:50.941766Z,0.99,666,yes,d3741167-2775-5858-9c03-abf9047de04c
KXATPMATCH-25NOV08DJOMUS-DJO,2025-11-08T18:10:50.941766Z,0.99,50,yes,457e7920-dc00-5504-bd92-41c880b0fe90
KXATPMATCH-25NOV08DJOMUS-DJO,2025-11-08T18:10:50.525074Z,0.99,368,yes,0b58b491-652d-7664-acc8-133be6129d10
KXATPMATCH-25NOV08DJOMUS-DJO,2025-11-08T18:10:50.488765Z,0.99,46,yes,bf2c7b92-afb9-6a54-52a9-902f3d2fe604
KXATPMATCH-25NOV08DJOMUS-DJO,2025-11-08T18:10:50.488765Z,0.99,412,yes,4925298a-e486-6475-5212-87a6ab1d2067
KXATPMATCH-25NOV08DJOMUS-DJO,2025-11-08T18:10:49.638487Z,0.99,288,yes,da863902-fdae-767d-b784-0071981be273
KXATPMATCH-25NOV08DJOMUS-DJO,2025-11-08T18:10:49.638487Z,0.99,295,yes,ac5393a6-62fc-7edb-a154-978ac1761bf6
KXATPMATCH-25NOV08DJOMUS-DJO,2025-11-08T18:10:49.605302Z,0.99,705,yes,b5aaa64f-e304-707f-9ee6-bf453c63a616
KXATPMATCH-25NOV08DJOMUS-DJO,2025-11-08T18:10:49.605302Z,0.99,315,yes,7117c305-8961-7d84-b342-46e1fa3e1273
KXATPMATCH-25NOV08DJOMUS-DJO,2025-11-08T18:10:49.090266Z,0.98,177,no,39d6f4bd-13f5-72f4-cc1e-53db776db46e
KXATPMATCH-25NOV08DJOMUS-DJO,2025-11-08T18:10:47.72844Z,0.98,200,yes,b2d42dbd-80cf-4ced-2262-391becfa8011
KXATPMATCH-25NOV08DJOMUS-DJO,2025-11-08T18:10:47.72844Z,0.98,4075,yes,6f28c2e7-7222-44bd-3601-5623fab59f8d
KXATPMATCH-25NOV08DJOMUS-DJO,2025-11-08T18:10:47.655436Z,0.98,42,yes,3a00a2f0-2e7e-6005-6921-ce264756c30d
KXATPMATCH-25NOV08DJOMUS-DJO,2025-11-08T18:10:47.345735Z,0.98,317,yes,50a9b5c2-4f4a-61bd-d44e-936be8809771
KXATPMATCH-25NOV08DJOMUS-DJO,2025-11-08T18:10:40.768269Z,0.96,117,no,e989f92d-de02-55da-d75a-5dfab6dae753
KXATPMATCH-25NOV08DJOMUS-DJO,2025-11-08T18:10:40.768269Z,0.97,40,no,6d712f9c-9180-56bc-e099-de6ff418ae90
KXATPMATCH-25NOV08DJOMUS-DJO,2025-11-08T18:10:38.441683Z,0.96,468,no,bb605550-e172-56b6-a47d-f3f0dbc8f033
KXATPMATCH-25NOV08DJOMUS-DJO,2025-11-08T18:10:35.759933Z,0.98,75,yes,1c49abea-c93a-5919-c143-b83c8d599025
KXATPMATCH-25NOV08DJOMUS-DJO,2025-11-08T18:10:33.891551Z,0.96,50,no,548f4a88-c956-427a-f723-cffde16150fb
KXATPMATCH-25NOV08DJOMUS-DJO,2025-11-08T18:10:32.531094Z,0.96,65,no,b2d8a788-8dce-7b2e-0e73-b9171de0426b
KXATPMATCH-25NOV08DJOMUS-DJO,2025-11-08T18:10:31.029311Z,0.97,225,no,a64a09d5-868e-5820-6dbb-681a8de950b4
KXATPMATCH-25NOV08DJOMUS-DJO,2025-11-08T18:10:31.029311Z,0.96,741,no,58eadbff-dee2-5002-47e3-ff4ceeba007f
KXATPMATCH-25NOV08DJOMUS-DJO,2025-11-08T18:10:30.208954Z,0.97,100,yes,5c50cdda-b796-543b-7934-79f5933ef021
KXATPMATCH-25NOV08DJOMUS-DJO,2025-11-08T18:10:29.620975Z,0.96,15,no,4a9fa197-42a2-6dce-7555-25cc51d9eb7b
KXATPMATCH-25NOV08DJOMUS-DJO,2025-11-08T18:10:28.433584Z,0.97,90,yes,09539814-ceec-4b75-1426-576e422cdf8b
KXATPMATCH-25NOV08DJOMUS-DJO,2025-11-08T18:10:22.117779Z,0.96,63,no,6af2c259-52a2-6a52-06cd-7692d1ed4c4b
KXATPMATCH-25NOV08DJOMUS-DJO,2025-11-08T18:10:19.162622Z,0.96,40,no,04f0ba42-3f9a-4816-0d8d-b0e2c51bec5f
KXATPMATCH-25NOV08DJOMUS-DJO,2025-11-08T18:10:18.312152Z,0.96,140,no,aae45ef7-a22a-42da-23e1-56f1174dd91b
KXATPMATCH-25NOV08DJOMUS-DJO,2025-11-08T18:10:17.309619Z,0.96,273,no,5a9b7a8d-4292-424a-18e8-a3d9f63cba33
KXATPMATCH-25NOV08DJOMUS-DJO,2025-11-08T18:10:16.393464Z,0.98,101,yes,7b55f296-632e-4e85-c0fd-de7798dad4cd
KXATPMATCH-25NOV08DJOMUS-DJO,2025-11-08T18:10:13.39783Z,0.98,2,yes,e1ef59b4-b0ca-5055-0fba-4272db7d4b29
KXATPMATCH-25NOV08DJOMUS-DJO,2025-11-08T18:10:13.285323Z,0.97,83,no,bfda8268-fdd7-5451-b43c-673631f9e20a
KXATPMATCH-25NOV08DJOMUS-DJO,2025-11-08T18:10:13.285323Z,0.97,500,no,74b0baf7-4328-5162-8ba2-9f56a38c5b81
KXATPMATCH-25NOV08DJOMUS-DJO,2025-11-08T18:10:11.642223Z,0.98,7,yes,db2f69c8-f052-6f24-527a-2ca2530d4df9
KXATPMATCH-25NOV08DJOMUS-DJO,2025-11-08T18:10:11.642223Z,0.98,388,yes,d07e4598-dc56-62d1-6187-33f858435239
KXATPMATCH-25NOV08DJOMUS-DJO,2025-11-08T18:10:11.642223Z,0.98,105,yes,c900ae5c-4f14-631d-5c2c-158d9a4c583f
KXATPMATCH-25NOV08DJOMUS-DJO,2025-11-08T18:10:10.588263Z,0.97,2,no,80e7f3fc-01b0-61a8-cc06-8ece3f16f645
KXATPMATCH-25NOV08DJOMUS-DJO,2025-11-08T18:10:08.053598Z,0.96,37,no,6092797d-6caa-7986-9cf4-7a54fa091fff
KXATPMATCH-25NOV08DJOMUS-DJO,2025-11-08T18:10:06.653661Z,0.96,2326,yes,6feade38-c87f-4843-f543-8847958825f4
KXATPMATCH-25NOV08DJOMUS-DJO,2025-11-08T18:10:06.616727Z,0.96,1000,no,f7eee693-7457-6057-efb7-76acd9c155dd
KXATPMATCH-25NOV08DJOMUS-DJO,2025-11-08T18:10:06.616727Z,0.96,1000,no,a4adb215-d2c2-66b7-d8d8-4556d06497fe
KXATPMATCH-25NOV08DJOMUS-DJO,2025-11-08T18:10:06.616727Z,0.96,599,no,9fc08018-da90-625f-e760-fcdf65edb25e
KXATPMATCH-25NOV08DJOMUS-DJO,2025-11-08T18:10:06.616727Z,0.96,199,no,538857f4-6362-65b7-efaf-87f30c8810f2
KXATPMATCH-25NOV08DJOMUS-DJO,2025-11-08T18:10:06.616727Z,0.96,876,no,4ce4a0b8-da71-667a-da81-57e58e4e392b
KXATPMATCH-25NOV08DJOMUS-DJO,2025-11-08T18:10:05.421228Z,0.96,220,no,096f320f-afe1-7e56-8fe0-302ef60e2c2f
KXATPMATCH-25NOV08DJOMUS-DJO,2025-11-08T18:10:04.606101Z,0.96,483,no,bc586e5d-ff21-6af2-2ba6-7876b80473ef
KXATPMATCH-25NOV08DJOMUS-DJO,2025-11-08T18:10:04.446863Z,0.96,200,yes,a425ce19-afda-4047-f735-8d7026617095
KXATPMATCH-25NOV08DJOMUS-DJO,2025-11-08T18:10:04.446863Z,0.96,219,yes,71ed556d-ebb8-4081-ea58-93bd9a91ad9d
KXATPMATCH-25NOV08DJOMUS-DJO,2025-11-08T18:09:59.197784Z,0.93,518,no,c6f2aa6c-7ef7-4710-6fe8-04c011129a57
KXATPMATCH-25NOV08DJOMUS-DJO,2025-11-08T18:09:59.197784Z,0.93,158,no,14b31e74-0e25-45d3-4be5-6b10f3c1d85e
KXATPMATCH-25NOV08DJOMUS-DJO,2025-11-08T18:09:50.35871Z,0.96,200,yes,f1fe3837-65f9-510a-787a-64b913ca543b
KXATPMATCH-25NOV08DJOMUS-DJO,2025-11-08T18:09:50.35871Z,0.97,200,yes,e16e763f-486d-59da-78c9-3ec892dba115
KXATPMATCH-25NOV08DJOMUS-DJO,2025-11-08T18:09:50.35871Z,0.96,40,yes,b7a8df5b-2275-597f-4ca7-87d53927ee29
KXATPMATCH-25NOV08DJOMUS-DJO,2025-11-08T18:09:50.35871Z,0.96,350,yes,8df75080-5891-5e92-70ea-5ea0b3a284a9
KXATPMATCH-25NOV08DJOMUS-DJO,2025-11-08T18:09:50.35871Z,0.96,5,yes,8dea7de9-8be1-5a8a-586b-1dc3e31e3ac9
KXATPMATCH-25NOV08DJOMUS-DJO,2025-11-08T18:09:50.35871Z,0.97,448,yes,8cc46016-80f1-5813-4e46-bfbf8ed0b279
KXATPMATCH-25NOV08DJOMUS-DJO,2025-11-08T18:09:50.35871Z,0.96,216,yes,69fb5310-c9b0-54c4-537b-0b94f0d3b5c9
KXATPMATCH-25NOV08DJOMUS-DJO,2025-11-08T18:09:50.35871Z,0.97,56,yes,0c71a3df-d0cd-58ea-69c5-9f1d0feb6f69
KXATPMATCH-25NOV08DJOMUS-DJO,2025-11-08T18:09:50.35871Z,0.96,2000,yes,0a9d45d8-5924-5d9f-7934-47dbd36a99c4
KXATPMATCH-25NOV08DJOMUS-DJO,2025-11-08T18:09:50.35871Z,0.96,171,yes,08f7c4e0-dabf-5660-7c76-e83b41a9c7ae
KXATPMATCH-25NOV08DJOMUS-DJO,2025-11-08T18:09:39.249529Z,0.95,6,yes,e1088f1d-e3c6-4478-6369-06d5264765cb
KXATPMATCH-25NOV08DJOMUS-DJO,2025-11-08T18:09:35.538225Z,0.95,1,yes,e6d1a1cc-c30a-7c44-446c-8ee4cc637ad3
KXATPMATCH-25NOV08DJOMUS-DJO,2025-11-08T18:09:29.134575Z,0.95,2,yes,db951715-a2cb-694b-3b2a-e85ca0c5f4e1
KXATPMATCH-25NOV08DJOMUS-DJO,2025-11-08T18:09:29.112016Z,0.95,3,yes,9fc9a7f8-6a6b-72a7-4d6c-cbcda2ca5dad
KXATPMATCH-25NOV08DJOMUS-DJO,2025-11-08T18:09:21.91877Z,0.94,118,no,2b69315a-8e79-646b-503d-ba4f438556c5
KXATPMATCH-25NOV08DJOMUS-DJO,2025-11-08T18:09:20.415747Z,0.94,772,no,59d39bbe-65b1-4f5b-3810-da956af53409
KXATPMATCH-25NOV08DJOMUS-DJO,2025-11-08T18:09:14.533464Z,0.94,28,no,61d87a12-49b5-62d3-1640-ebb803b05dad
KXATPMATCH-25NOV08DJOMUS-DJO,2025-11-08T18:09:10.324812Z,0.95,54,yes,bc5c4189-9abf-6767-72da-654dfd2c1c9d
KXATPMATCH-25NOV08DJOMUS-DJO,2025-11-08T18:09:10.324812Z,0.95,13,yes,bb4fdb61-1dd8-6d06-4b0b-e5892089413f
KXATPMATCH-25NOV08DJOMUS-DJO,2025-11-08T18:09:10.324812Z,0.95,13,yes,08ec2c79-f734-69a4-4d84-44fe71c6bf33
KXATPMATCH-25NOV08DJOMUS-DJO,2025-11-08T18:09:10.077979Z,0.93,961,no,b3e017b2-045c-505f-0b3a-f34cdd395146
KXATPMATCH-25NOV08DJOMUS-DJO,2025-11-08T18:09:10.077979Z,0.93,1579,no,9815c9e2-159b-5c25-3b29-d3fd0d26661e
KXATPMATCH-25NOV08DJOMUS-DJO,2025-11-08T18:09:10.077979Z,0.94,28,no,3bb8bef4-39c0-5f27-1f11-787c5765e142
KXATPMATCH-25NOV08DJOMUS-DJO,2025-11-08T18:09:10.077979Z,0.94,188,no,34ca68e8-a07d-5f80-0e0c-0f6e30d439a3
KXATPMATCH-25NOV08DJOMUS-DJO,2025-11-08T18:09:10.077979Z,0.94,1579,no,0a1b349e-98f6-5ef4-04a3-21e587c29087
KXATPMATCH-25NOV08DJOMUS-DJO,2025-11-08T18:09:09.986108Z,0.94,11,no,f9836112-18a9-7764-3aa1-c3ad3c16d23b
KXATPMATCH-25NOV08DJOMUS-DJO,2025-11-08T18:09:07.834327Z,0.94,34,no,ba0cf638-ce8f-67ce-8dea-49fe9903c23a
KXATPMATCH-25NOV08DJOMUS-DJO,2025-11-08T18:09:03.970255Z,0.92,67,yes,f192729f-d9f3-7513-4c1b-467e9a78c2f3
KXATPMATCH-25NOV08DJOMUS-DJO,2025-11-08T18:09:03.970255Z,0.92,100,yes,ede0fe7f-ee98-78b8-656c-4b684b522bee
KXATPMATCH-25NOV08DJOMUS-DJO,2025-11-08T18:09:03.970255Z,0.93,350,yes,eceead35-42b2-760c-4d41-e0d2c5b5b57e
KXATPMATCH-25NOV08DJOMUS-DJO,2025-11-08T18:09:03.970255Z,0.93,5,yes,d4542bc4-0e82-74be-6540-e3fe102d9a8c
KXATPMATCH-25NOV08DJOMUS-DJO,2025-11-08T18:09:03.970255Z,0.93,500,yes,bf1717ab-07c7-72f8-6eea-14816a2b7dda
KXATPMATCH-25NOV08DJOMUS-DJO,2025-11-08T18:09:03.970255Z,0.91,100,yes,a71f7d0f-decd-71c9-7623-8eaba3f74d4c
KXATPMATCH-25NOV08DJOMUS-DJO,2025-11-08T18:09:03.970255Z,0.92,199,yes,88288146-bb77-740c-4441-227b695260dd
KXATPMATCH-25NOV08DJOMUS-DJO,2025-11-08T18:09:03.970255Z,0.93,30,yes,775b3eb0-e727-7935-7cab-dc53e7fc7b92
KXATPMATCH-25NOV08DJOMUS-DJO,2025-11-08T18:09:03.970255Z,0.92,200,yes,69ffe7bc-4cf9-73b1-48e3-10c61f20aeea
KXATPMATCH-25NOV08DJOMUS-DJO,2025-11-08T18:09:03.970255Z,0.93,67,yes,28e07e54-f7ad-7a59-45ea-4e651fb90e62
KXATPMATCH-25NOV08DJOMUS-DJO,2025-11-08T18:09:03.970255Z,0.93,30,yes,208ad917-30f6-7dcd-5eec-8821f5f79bb9
KXATPMATCH-25NOV08DJOMUS-DJO,2025-11-08T18:09:03.725374Z,0.91,250,yes,af465dd2-b5fb-75f5-5579-dc3834233306
KXATPMATCH-25NOV08DJOMUS-DJO,2025-11-08T18:08:59.117443Z,0.9,7,no,c517234c-a68f-6885-9b97-ef60e70a9f54
KXATPMATCH-25NOV08DJOMUS-DJO,2025-11-08T18:08:55.753722Z,0.9,150,no,43903c4f-05da-7c7d-9078-94e7a2ba46d3
KXATPMATCH-25NOV08DJOMUS-DJO,2025-11-08T18:08:36.668009Z,0.9,119,no,5af8ef44-a972-69fd-5a9d-291918b6e0fb
KXATPMATCH-25NOV08DJOMUS-DJO,2025-11-08T18:08:31.581405Z,0.9,7,no,1aca0980-4b22-6529-ef2b-f4e5da717667
KXATPMATCH-25NOV08DJOMUS-DJO,2025-11-08T18:08:30.059307Z,0.91,1,yes,d6410b2e-4a6e-47b3-cb78-d5212ddb3055
KXATPMATCH-25NOV08DJOMUS-DJO,2025-11-08T18:08:26.43525Z,0.9,228,no,6a0f51c5-7746-63a5-544a-30824067789b
KXATPMATCH-25NOV08DJOMUS-DJO,2025-11-08T18:08:25.900444Z,0.91,48,yes,c9884bb4-43ea-5f8b-7c0f-48520c391725
KXATPMATCH-25NOV08DJOMUS-DJO,2025-11-08T18:08:21.849355Z,0.9,13,no,57fd5ca7-6bca-56a5-de3e-b5ba7de7e947
KXATPMATCH-25NOV08DJOMUS-DJO,2025-11-08T18:08:19.366725Z,0.9,70,no,d8468491-673a-57ad-edc2-b6747b3fa953
KXATPMATCH-25NOV08DJOMUS-DJO,2025-11-08T18:08:13.498171Z,0.91,100,no,45fb1592-e57a-5c7b-182b-09aada35e732
KXATPMATCH-25NOV08DJOMUS-DJO,2025-11-08T18:08:08.383617Z,0.91,333,no,a1a56cfa-17ad-442d-6b9d-32cd19db8f42
KXATPMATCH-25NOV08DJOMUS-DJO,2025-11-08T18:08:07.590696Z,0.91,33,no,4797ccb3-aa21-6df9-687c-f900ef752e46
KXATPMATCH-25NOV08DJOMUS-DJO,2025-11-08T18:08:03.678013Z,0.92,108,yes,a7be421f-34ca-7f9f-3f97-e60b9d4285ab
KXATPMATCH-25NOV08DJOMUS-DJO,2025-11-08T18:08:03.292336Z,0.92,95,yes,e503e9f0-2766-785b-6884-cc915d4d7d47
KXATPMATCH-25NOV08DJOMUS-DJO,2025-11-08T18:08:02.189763Z,0.91,197,no,b77aafa5-4891-455d-c767-ae144e934652
KXATPMATCH-25NOV08DJOMUS-DJO,2025-11-08T18:08:00.879537Z,0.92,13,yes,86d5d93c-af56-543f-e8a6-812a8af4b5a7
KXATPMATCH-25NOV08DJOMUS-DJO,2025-11-08T18:07:59.704323Z,0.92,43,yes,caab1c6b-853f-63db-4eb7-918b4a6edd66
KXATPMATCH-25NOV08DJOMUS-DJO,2025-11-08T18:07:59.704323Z,0.92,65,yes,1f74a246-c236-6ec7-4538-d063aad89383
KXATPMATCH-25NOV08DJOMUS-DJO,2025-11-08T18:07:56.168711Z,0.91,134,no,e0f00fd4-d4b5-6ffd-c51a-f33a28aac36e
KXATPMATCH-25NOV08DJOMUS-DJO,2025-11-08T18:07:54.161524Z,0.92,7,yes,3c62209c-c877-78fb-ae9e-cb54fdca0436
KXATPMATCH-25NOV08DJOMUS-DJO,2025-11-08T18:07:53.211119Z,0.91,178,no,e3fcfdfb-f621-5cf5-2e4a-fa8ade703576
KXATPMATCH-25NOV08DJOMUS-DJO,2025-11-08T18:07:42.87771Z,0.91,529,no,e3b2c169-6009-5ca9-3bbf-d7d651c0a39a
KXATPMATCH-25NOV08DJOMUS-DJO,2025-11-08T18:07:41.960619Z,0.92,14,no,a5aab0a1-2bec-6777-d0d2-817a6af6f075
KXATPMATCH-25NOV08DJOMUS-DJO,2025-11-08T18:07:41.960619Z,0.91,64,no,8e813a85-ec61-67a1-c145-414051b5f49e
KXATPMATCH-25NOV08DJOMUS-DJO,2025-11-08T18:07:40.575551Z,0.92,40,no,2abffb7c-0bdc-6c67-467e-b8cd891cb361
KXATPMATCH-25NOV08DJOMUS-DJO,2025-11-08T18:07:37.889322Z,0.92,135,no,e6678250-5fff-7139-d970-ac6d2fe53834
KXATPMATCH-25NOV08DJOMUS-DJO,2025-11-08T18:07:34.485063Z,0.92,190,no,b7a6359e-8998-4ecb-4d09-c4e8cd4c0327
KXATPMATCH-25NOV08DJOMUS-DJO,2025-11-08T18:07:34.485063Z,0.92,66,no,9e585fd7-c2c6-4d28-4805-eacdaa2d4d0b
KXATPMATCH-25NOV08DJOMUS-DJO,2025-11-08T18:07:34.485063Z,0.91,64,no,4fff02f6-db41-4cc1-6387-4b452da351aa
KXATPMATCH-25NOV08DJOMUS-DJO,2025-11-08T18:07:31.351763Z,0.91,192,no,b2a1b134-39b1-4b55-2b50-715b5b78d436
KXATPMATCH-25NOV08DJOMUS-DJO,2025-11-08T18:07:31.351763Z,0.91,600,no,3585ebb8-6eb5-4c27-3174-553bd2ff183e
KXATPMATCH-25NOV08DJOMUS-DJO,2025-11-08T18:07:31.351763Z,0.91,1000,no,2eb5eb5c-e19a-454f-041c-453722a04785
KXATPMATCH-25NOV08DJOMUS-DJO,2025-11-08T18:07:31.351763Z,0.9,865,no,2b3f14c4-dbca-4419-3e83-7bdc3b89131f
KXATPMATCH-25NOV08DJOMUS-DJO,2025-11-08T18:07:31.351763Z,0.91,725,no,02a88816-f1b3-4df2-369a-65f2eb0cd0c7
KXATPMATCH-25NOV08DJOMUS-DJO,2025-11-08T18:07:30.883128Z,0.91,114,no,eff7d73c-02e7-7afa-e2f7-61b40b74548b
KXATPMATCH-25NOV08DJOMUS-DJO,2025-11-08T18:07:30.717063Z,0.91,16,no,fb374c0a-4e6b-7042-f055-65e2f700d283
KXATPMATCH-25NOV08DJOMUS-DJO,2025-11-08T18:07:30.592428Z,0.91,141,no,195ab264-1d8b-7586-1ae5-ec94b950c5ab
KXATPMATCH-25NOV08DJOMUS-DJO,2025-11-08T18:07:30.564067Z,0.91,218,no,89a1efc2-38d3-5062-181e-7ab7d14bd6f7
KXATPMATCH-25NOV08DJOMUS-DJO,2025-11-08T18:07:30.517606Z,0.91,211,no,1295658d-8c3f-5632-dd6e-66c05ef2effb
KXATPMATCH-25NOV08DJOMUS-DJO,2025-11-08T18:07:28.219087Z,0.91,147,no,f111990a-ddcb-629a-e20c-29e50e941e03
KXATPMATCH-25NOV08DJOMUS-DJO,2025-11-08T18:07:27.840739Z,0.91,7,no,8252b4ba-d4c7-7bfe-c63f-328364ffefcf
KXATPMATCH-25NOV08DJOMUS-DJO,2025-11-08T18:07:27.840739Z,0.91,196,no,1e00bb87-835e-7c2c-f0ac-d36bd6357b7b
KXATPMATCH-25NOV08DJOMUS-DJO,2025-11-08T18:07:27.773344Z,0.91,681,no,4b05b8b9-2c2f-454c-7b48-63a6c548d395
KXATPMATCH-25NOV08DJOMUS-DJO,2025-11-08T18:07:27.266059Z,0.91,2,no,6eca3ed2-6117-6138-2ef3-9519ce33f6a1
KXATPMATCH-25NOV08DJOMUS-DJO,2025-11-08T18:07:26.054697Z,0.91,14,no,14dd1282-a90f-66ac-ce10-067a27c8ba69
KXATPMATCH-25NOV08DJOMUS-DJO,2025-11-08T18:07:22.274736Z,0.9,399,no,faae27d8-c1fd-4855-e3ef-58b8bd036e00
KXATPMATCH-25NOV08DJOMUS-DJO,2025-11-08T18:07:22.274736Z,0.89,352,no,f2cd2400-3118-4c2e-ea7e-0447f614523c
KXATPMATCH-25NOV08DJOMUS-DJO,2025-11-08T18:07:22.274736Z,0.9,30,no,f1725286-8e7a-4f47-ed98-aea97a2e62f7
KXATPMATCH-25NOV08DJOMUS-DJO,2025-11-08T18:07:22.274736Z,0.9,1579,no,dd186c14-0105-4586-f2c9-807b717e578c
KXATPMATCH-25NOV08DJOMUS-DJO,2025-11-08T18:07:22.274736Z,0.91,1000,no,d89f4ff0-ddb3-4dff-e1ba-12794fff17f4
KXATPMATCH-25NOV08DJOMUS-DJO,2025-11-08T18:07:22.274736Z,0.91,600,no,6cd2c4e4-1732-4b6a-f43f-7d5ae7a9b960
KXATPMATCH-25NOV08DJOMUS-DJO,2025-11-08T18:07:22.274736Z,0.91,199,no,27a7919d-a928-42ed-cb15-3720022afdba
KXATPMATCH-25NOV08DJOMUS-DJO,2025-11-08T18:07:22.274736Z,0.91,10,no,1fcb0184-20de-4b5e-e084-60d504f0072d
KXATPMATCH-25NOV08DJOMUS-DJO,2025-11-08T18:07:18.639291Z,0.91,25,no,2d83967a-e662-744e-b3c9-09aa3c12524d
KXATPMATCH-25NOV08DJOMUS-DJO,2025-11-08T18:07:18.344318Z,0.93,83,yes,35079cf5-477b-455a-2be1-ea7fa5010577
KXATPMATCH-25NOV08DJOMUS-DJO,2025-11-08T18:07:17.990325Z,0.93,49,yes,c5a09a3f-bf5b-79ca-4e25-32c2d11f79bb
KXATPMATCH-25NOV08DJOMUS-DJO,2025-11-08T18:07:17.356963Z,0.91,20,no,672c37ba-5bd2-719a-69d0-7bd314e97a71
KXATPMATCH-25NOV08DJOMUS-DJO,2025-11-08T18:07:15.702023Z,0.91,74,no,a9addfba-9c0a-5c62-11a1-16c608a64bad
KXATPMATCH-25NOV08DJOMUS-DJO,2025-11-08T18:07:14.997658Z,0.91,1283,no,b69c136f-7a56-4eee-b65a-4bb57be14991
KXATPMATCH-25NOV08DJOMUS-DJO,2025-11-08T18:07:13.917551Z,0.91,125,no,a56e8239-88a2-466e-92bf-f241260eac7d
KXATPMATCH-25NOV08DJOMUS-DJO,2025-11-08T18:07:12.43531Z,0.93,1,yes,55a18711-80a7-71ae-341b-8195a70e384b
KXATPMATCH-25NOV08DJOMUS-DJO,2025-11-08T18:07:10.632115Z,0.91,42,no,50d6bfcf-a86e-7032-ee66-16a037f6a2a9
KXATPMATCH-25NOV08DJOMUS-DJO,2025-11-08T18:07:09.344671Z,0.91,509,no,49e2124f-6164-5ccb-b666-a8c7108640e6
KXATPMATCH-25NOV08DJOMUS-DJO,2025-11-08T18:07:08.916433Z,0.92,31,no,d8f513ad-4923-49b7-3e7e-93c698373fe8
KXATPMATCH-25NOV08DJOMUS-DJO,2025-11-08T18:07:08.916433Z,0.92,2,no,7634dd6f-43f7-4c0e-0e44-1499f18adee0
KXATPMATCH-25NOV08DJOMUS-DJO,2025-11-08T18:07:07.952323Z,0.93,63,yes,0c30e0d3-cc97-48c6-9cdd-ac33f9753397
KXATPMATCH-25NOV08DJOMUS-DJO,2025-11-08T18:07:07.932202Z,0.92,17,no,7dcf1432-4aa3-4c07-f9aa-a0848f22ee80
KXATPMATCH-25NOV08DJOMUS-DJO,2025-11-08T18:07:05.795381Z,0.92,63,no,6e7a6c9f-62cf-5407-74dd-6041aaf4a978
KXATPMATCH-25NOV08DJOMUS-DJO,2025-11-08T18:07:05.541497Z,0.91,45,no,6e4c2033-d054-79ff-1e20-caf11b72a0da
KXATPMATCH-25NOV08DJOMUS-DJO,2025-11-08T18:07:04.954142Z,0.92,1300,yes,5883f8b2-0182-5b52-096e-1abd261fad2a
KXATPMATCH-25NOV08DJOMUS-DJO,2025-11-08T18:07:04.89128Z,0.91,122,no,d6addc8b-7648-770f-8669-2bbe004e069a
KXATPMATCH-25NOV08DJOMUS-DJO,2025-11-08T18:07:04.89128Z,0.91,23,no,913ad355-10b1-78fa-bee1-58760743a852
KXATPMATCH-25NOV08DJOMUS-DJO,2025-11-08T18:07:04.663408Z,0.92,99,no,d6fdb278-941a-713a-e553-b9a035416767
KXATPMATCH-25NOV08DJOMUS-DJO,2025-11-08T18:07:04.663408Z,0.91,53,no,7bf86990-a031-7ec2-d907-03dd257853fa
KXATPMATCH-25NOV08DJOMUS-DJO,2025-11-08T18:07:03.784222Z,0.91,133,no,2de53170-bd85-4906-7354-18d8d17bc122
KXATPMATCH-25NOV08DJOMUS-DJO,2025-11-08T18:07:00.126923Z,0.91,349,no,0bf1a533-713d-6112-2980-602e0ff3db1a
KXATPMATCH-25NOV08DJOMUS-DJO,2025-11-08T18:06:59.849458Z,0.91,600,no,cbdf9699-3441-587b-2cd8-b09b50ab91ea
KXATPMATCH-25NOV08DJOMUS-DJO,2025-11-08T18:06:59.849458Z,0.91,777,no,a2732561-0272-53a6-394e-331c61a268ea
KXATPMATCH-25NOV08DJOMUS-DJO,2025-11-08T18:06:59.849458Z,0.91,442,no,81632b18-6925-5ade-0b72-c68c17050012
KXATPMATCH-25NOV08DJOMUS-DJO,2025-11-08T18:06:58.487454Z,0.93,100,yes,06e6395d-7aa4-5ff2-8572-26fd674f6697
KXATPMATCH-25NOV08DJOMUS-DJO,2025-11-08T18:06:58.071648Z,0.91,47,no,a815791e-1312-44ba-bd5c-bea4fdcd0c96
KXATPMATCH-25NOV08DJOMUS-DJO,2025-11-08T18:06:57.524179Z,0.93,70,yes,f2d5f9ce-f276-4e7d-0041-4d33ed22f8de
KXATPMATCH-25NOV08DJOMUS-DJO,2025-11-08T18:06:57.524179Z,0.93,7,yes,1552872b-d8a8-4b5e-1b69-4a4bbe9267af
KXATPMATCH-25NOV08DJOMUS-DJO,2025-11-08T18:06:57.140447Z,0.92,105,no,37a490d9-5349-7e9c-b61b-9033e888e0b1
KXATPMATCH-25NOV08DJOMUS-DJO,2025-11-08T18:06:55.834233Z,0.91,5,no,ffe4eefb-0c5e-7d96-1321-a6700271d8fa
KXATPMATCH-25NOV08DJOMUS-DJO,2025-11-08T18:06:54.249402Z,0.92,50,yes,c26a70cb-0cf7-56cd-2822-4da5c481823a
KXATPMATCH-25NOV08DJOMUS-DJO,2025-11-08T18:06:54.249402Z,0.93,280,yes,5f150f85-4702-5b67-0e5d-08aec9b77017
KXATPMATCH-25NOV08DJOMUS-DJO,2025-11-08T18:06:54.249402Z,0.93,685,yes,0aa9a695-296e-52d7-202d-d52ed462fad0
KXATPMATCH-25NOV08DJOMUS-DJO,2025-11-08T18:06:54.249402Z,0.93,70,yes,0465c845-f538-5f88-1fae-633177d339e3
KXATPMATCH-25NOV08DJOMUS-DJO,2025-11-08T18:06:52.98742Z,0.92,122,no,53744996-3bdb-4354-b474-47db9ce6a304
KXATPMATCH-25NOV08DJOMUS-DJO,2025-11-08T18:06:52.98742Z,0.92,100,no,41738b3d-04f2-49fe-a18d-732db99572fa
KXATPMATCH-25NOV08DJOMUS-DJO,2025-11-08T18:06:52.79987Z,0.92,20,no,eb807f48-bdc7-41ec-bd16-d077accbd988
KXATPMATCH-25NOV08DJOMUS-DJO,2025-11-08T18:06:52.610155Z,0.92,301,no,efdfd1b1-7cc7-49e8-a69e-29657bdfb690
KXATPMATCH-25NOV08DJOMUS-DJO,2025-11-08T18:06:51.916405Z,0.92,57,no,e692c82a-c557-6edc-1933-937973300174
KXATPMATCH-25NOV08DJOMUS-DJO,2025-11-08T18:06:51.916405Z,0.92,1000,no,8972d145-acd0-64b2-2813-9fc7671560f7
KXATPMATCH-25NOV08DJOMUS-DJO,2025-11-08T18:06:51.909353Z,0.93,10,yes,cb2a0007-f60e-6a3b-76be-1f8cf5a39062
KXATPMATCH-25NOV08DJOMUS-DJO,2025-11-08T18:06:51.909353Z,0.93,280,yes,1b789982-8e60-6a26-7681-cd23b91e28da
KXATPMATCH-25NOV08DJOMUS-DJO,2025-11-08T18:06:51.909353Z,0.93,1315,yes,061f615e-fa1a-677b-55a5-467586ae1d30
KXATPMATCH-25NOV08DJOMUS-DJO,2025-11-08T18:06:49.955114Z,0.92,325,no,69f6db33-878c-42fb-28cb-e9ef373e5eef
KXATPMATCH-25NOV08DJOMUS-DJO,2025-11-08T18:06:49.253938Z,0.92,169,no,8f1078ff-5074-4cda-9e04-e8c79842270b
KXATPMATCH-25NOV08DJOMUS-DJO,2025-11-08T18:06:49.253938Z,0.92,192,no,3580c26b-b82f-4d06-b9ab-20a36448c947
KXATPMATCH-25NOV08DJOMUS-DJO,2025-11-08T18:06:47.589427Z,0.93,70,yes,19356670-298c-4fa6-a5a3-98d88fb4127a
KXATPMATCH-25NOV08DJOMUS-DJO,2025-11-08T18:06:47.551249Z,0.92,535,no,5acada88-44f2-4c45-899b-c416cdc917da
KXATPMATCH-25NOV08DJOMUS-DJO,2025-11-08T18:06:47.551249Z,0.92,808,no,4b94f0b5-0a6f-46b2-a1b9-6349e9f68bc3
KXATPMATCH-25NOV08DJOMUS-DJO,2025-11-08T18:06:47.047863Z,0.92,65,no,b8a59007-24a2-47f5-3498-d04ced2ac3da
KXATPMATCH-25NOV08DJOMUS-DJO,2025-11-08T18:06:46.026292Z,0.91,159,no,10313bfc-455e-45e2-a41d-d4002ab9f8fe
KXATPMATCH-25NOV08DJOMUS-DJO,2025-11-08T18:06:45.999895Z,0.92,100,no,fd4d47f2-eb87-731e-71ba-fbb6a6417583
KXATPMATCH-25NOV08DJOMUS-DJO,2025-11-08T18:06:45.999895Z,0.91,591,no,d7af1a12-7b82-75b2-538b-b796dc20c976
KXATPMATCH-25NOV08DJOMUS-DJO,2025-11-08T18:06:45.999895Z,0.92,200,no,79386f44-6518-7310-7706-ed0cc5f9c685
KXATPMATCH-25NOV08DJOMUS-DJO,2025-11-08T18:06:43.871132Z,0.93,350,yes,d7e1b559-2f43-7a02-4057-9ecd035678cd
KXATPMATCH-25NOV08DJOMUS-DJO,2025-11-08T18:06:43.871132Z,0.93,200,yes,99d31baf-8d5d-7857-4c1d-a9e9ffdd23e6
KXATPMATCH-25NOV08DJOMUS-DJO,2025-11-08T18:06:43.871132Z,0.93,2000,yes,4ff5e962-0b29-786a-598c-cbd282b33708
KXATPMATCH-25NOV08DJOMUS-DJO,2025-11-08T18:06:43.564166Z,0.9,39,no,82410720-b4d8-6d50-585c-761e5fae8885
KXATPMATCH-25NOV08DJOMUS-DJO,2025-11-08T18:06:43.342378Z,0.92,200,no,e0ce3af6-a1ff-46a7-2ee6-c2a9f635236d
KXATPMATCH-25NOV08DJOMUS-DJO,2025-11-08T18:06:43.342378Z,0.91,459,no,61412e69-85d5-4434-029c-2adfcc3cc3ac
KXATPMATCH-25NOV08DJOMUS-DJO,2025-11-08T18:06:43.342378Z,0.91,340,no,17f3de80-34f3-41ec-1140-319779c02c36
KXATPMATCH-25NOV08DJOMUS-DJO,2025-11-08T18:06:42.08687Z,0.91,21,no,771deaff-47ed-6080-0ca4-0337184559d8
KXATPMATCH-25NOV08DJOMUS-DJO,2025-11-08T18:06:41.91179Z,0.91,120,no,116b1e91-a50d-5174-fbdb-288ef83cfc74
KXATPMATCH-25NOV08DJOMUS-DJO,2025-11-08T18:06:40.560265Z,0.91,72,no,be95f3ff-220a-56d4-6013-886b82a4b407
KXATPMATCH-25NOV08DJOMUS-DJO,2025-11-08T18:06:40.560265Z,0.91,152,no,656d52d9-8830-51d8-7e03-81f37e6a9696
KXATPMATCH-25NOV08DJOMUS-DJO,2025-11-08T18:06:38.356238Z,0.91,39,no,9358fda8-7a7e-5858-9799-ddda9761e32f
KXATPMATCH-25NOV08DJOMUS-DJO,2025-11-08T18:06:34.817248Z,0.9,100,no,fe8c8a71-b83c-5284-3a05-43a4e15136a5
KXATPMATCH-25NOV08DJOMUS-DJO,2025-11-08T18:06:34.584337Z,0.9,58,yes,cf50f23c-0681-67dc-5c0f-cd0b19454def
KXATPMATCH-25NOV08DJOMUS-DJO,2025-11-08T18:06:34.584337Z,0.89,100,yes,39153f5e-b9c1-614b-6fd8-d084f82a9b7e
KXATPMATCH-25NOV08DJOMUS-DJO,2025-11-08T18:06:34.542995Z,0.79,100,yes,66f55f6e-7e38-6a20-dfde-e2440aaf365a
KXATPMATCH-25NOV08DJOMUS-DJO,2025-11-08T18:06:34.542995Z,0.78,100,yes,02ba5f60-ac31-6774-d928-e0f79b4b5941
KXATPMATCH-25NOV08DJOMUS-DJO,2025-11-08T18:06:34.37936Z,0.8,100,yes,1e8f4573-01f6-5659-5b4e-c07a322ad61d
KXATPMATCH-25NOV08DJOMUS-DJO,2025-11-08T18:06:34.37936Z,0.81,100,yes,08b667da-a096-523c-5f63-6929a4f8801e
KXATPMATCH-25NOV08DJOMUS-DJO,2025-11-08T18:06:34.216425Z,0.75,35,yes,c5ba9836-3204-5629-4769-ac855ee83f42
KXATPMATCH-25NOV08DJOMUS-DJO,2025-11-08T18:06:34.113481Z,0.75,35,yes,8ec3eeac-a492-7b80-77d0-5258178a8e64
KXATPMATCH-25NOV08DJOMUS-DJO,2025-11-08T18:06:33.408753Z,0.79,100,yes,99ac5a65-5e6e-6339-611c-a8cc17d67a7b
KXATPMATCH-25NOV08DJOMUS-DJO,2025-11-08T18:06:33.408753Z,0.75,100,yes,1d653f07-f9f1-61c0-7e45-88f09062727c
KXATPMATCH-25NOV08DJOMUS-DJO,2025-11-08T18:06:33.408753Z,0.85,10,yes,18ceb33f-ff35-615a-577f-1e4e1b84ef46
KXATPMATCH-25NOV08DJOMUS-DJO,2025-11-08T18:06:33.408753Z,0.89,10,yes,072a2040-4ae1-6225-73b6-1c8976d2a186
KXATPMATCH-25NOV08DJOMUS-DJO,2025-11-08T18:06:33.327318Z,0.83,109,yes,ff2b5082-42df-63f4-35e3-8faddfc8e4d6
KXATPMATCH-25NOV08DJOMUS-DJO,2025-11-08T18:06:33.327318Z,0.8,5,yes,9dbb727c-79bd-632e-1184-7a2fa6a5bcfe
KXATPMATCH-25NOV08DJOMUS-DJO,2025-11-08T18:06:33.327318Z,0.75,100,yes,3136e343-7d86-6b68-16f8-7b1e2a8416a1
KXATPMATCH-25NOV08DJOMUS-DJO,2025-11-08T18:06:33.327318Z,0.77,100,yes,1149a038-351f-62c6-1283-f17944309db4
KXATPMATCH-25NOV08DJOMUS-DJO,2025-11-08T18:06:32.087577Z,0.75,65,yes,417db834-dd1e-5cc2-2936-578c56cc4884
KXATPMATCH-25NOV08DJOMUS-DJO,2025-11-08T18:06:29.80015Z,0.75,28,yes,e23db636-17c4-4669-45ee-3f278c360403
KXATPMATCH-25NOV08DJOMUS-DJO,2025-11-08T18:06:29.80015Z,0.74,37,yes,52ed8c25-f66d-4ae6-4551-fc2eccd03455
KXATPMATCH-25NOV08DJOMUS-DJO,2025-11-08T18:06:29.086487Z,0.72,14,no,e0d6465a-cf34-612e-05f8-4a0d39845cb0
KXATPMATCH-25NOV08DJOMUS-DJO,2025-11-08T18:06:29.086487Z,0.72,43,no,a368dc04-4ef8-61ab-075a-be341f04a845
KXATPMATCH-25NOV08DJOMUS-DJO,2025-11-08T18:06:28.516139Z,0.72,36,no,4255958e-2fc8-4de2-0b93-ba07112d1f7c
KXATPMATCH-25NOV08DJOMUS-DJO,2025-11-08T18:06:25.93577Z,0.74,13,yes,ba3be76a-2fc9-5b92-fe65-9b700b4a47ed
KXATPMATCH-25NOV08DJOMUS-DJO,2025-11-08T18:06:22.04596Z,0.75,2,yes,a96bd860-6a92-7e61-da0b-ad1f15f69cab
KXATPMATCH-25NOV08DJOMUS-DJO,2025-11-08T18:06:20.634599Z,0.75,131,yes,2a920693-623d-7ea0-5656-31d5b1a8f2ce
KXATPMATCH-25NOV08DJOMUS-DJO,2025-11-08T18:06:15.762777Z,0.74,35,yes,b28b6d05-7fec-726d-da10-f1b1ccd0ad54
KXATPMATCH-25NOV08DJOMUS-DJO,2025-11-08T18:06:15.762777Z,0.8,29,yes,347d01ec-1aca-7415-cd60-5e52ff187e20
KXATPMATCH-25NOV08DJOMUS-DJO,2025-11-08T18:06:15.762777Z,0.79,5,yes,03b34f50-6c33-710d-e35d-f3092eedaabe
KXATPMATCH-25NOV08DJOMUS-DJO,2025-11-08T18:06:13.028731Z,0.73,50,yes,e22101f9-1972-5b49-7133-8540075c6b16
KXATPMATCH-25NOV08DJOMUS-DJO,2025-11-08T18:06:13.028731Z,0.73,84,yes,0ccdc3e9-2aed-5c81-45f1-0b9e91ea75ae
KXATPMATCH-25NOV08DJOMUS-DJO,2025-11-08T18:06:06.697855Z,0.74,65,yes,f0996e52-e714-6465-2d65-bafb1286f600
KXATPMATCH-25NOV08DJOMUS-DJO,2025-11-08T18:06:02.505928Z,0.73,6,yes,558aea67-62b9-5a20-f233-559eac08f6ef
KXATPMATCH-25NOV08DJOMUS-DJO,2025-11-08T18:05:57.008106Z,0.74,12,yes,8909c30e-77a4-765f-b524-761a0203aca9
KXATPMATCH-25NOV08DJOMUS-DJO,2025-11-08T18:05:57.008106Z,0.73,70,yes,2edbad9c-4a8c-7666-a92e-ff79a2054519
KXATPMATCH-25NOV08DJOMUS-DJO,2025-11-08T18:05:57.008106Z,0.74,50,yes,0a74e2a1-fd74-7871-ab2f-9a157c3f145f
KXATPMATCH-25NOV08DJOMUS-DJO,2025-11-08T18:05:56.994205Z,0.71,50,no,90c1184f-1472-75db-289d-3a55f342d417
KXATPMATCH-25NOV08DJOMUS-DJO,2025-11-08T18:05:56.994205Z,0.72,10,no,574ffc71-41d5-70b5-1f0c-0c74be1b430a
KXATPMATCH-25NOV08DJOMUS-DJO,2025-11-08T18:05:56.994205Z,0.7,195,no,1a205562-f86b-7a96-0519-58137bb0a1cd
KXATPMATCH-25NOV08DJOMUS-DJO,2025-11-08T18:05:56.574407Z,0.73,130,yes,94522072-6550-7692-5a9d-7310aa7a52ad
KXATPMATCH-25NOV08DJOMUS-DJO,2025-11-08T18:05:53.96498Z,0.73,2,yes,eef5d743-00ba-4371-f40f-7cee133f93e0
KXATPMATCH-25NOV08DJOMUS-DJO,2025-11-08T18:05:46.95689Z,0.73,1,yes,9e9c5553-c566-5861-585c-9aa386c47194
KXATPMATCH-25NOV08DJOMUS-DJO,2025-11-08T18:05:45.797041Z,0.73,7,no,05676285-034b-41ac-f135-4a10ef3af9fa
KXATPMATCH-25NOV08DJOMUS-DJO,2025-11-08T18:05:45.702415Z,0.73,10,no,8be9cfc9-dbf3-6878-a20f-f00638f28442
KXATPMATCH-25NOV08DJOMUS-DJO,2025-11-08T18:05:43.046834Z,0.73,63,no,8c8a9cda-29eb-59e4-7728-afa16876c942
KXATPMATCH-25NOV08DJOMUS-DJO,2025-11-08T18:05:42.859111Z,0.74,9,yes,66d5f11e-00ac-6070-c3f6-dd6e67c79f52
KXATPMATCH-25NOV08DJOMUS-DJO,2025-11-08T18:05:42.859111Z,0.74,10,yes,06d55ba7-7214-62df-efa0-4025917d5b78
KXATPMATCH-25NOV08DJOMUS-DJO,2025-11-08T18:05:42.177633Z,0.73,20,no,fbb8aca2-9207-53a8-ba6a-3ffb2280dfaa
KXATPMATCH-25NOV08DJOMUS-DJO,2025-11-08T18:05:35.550467Z,0.74,47,yes,c8e0f6fc-6697-5dee-b333-91208b04de94
KXATPMATCH-25NOV08DJOMUS-DJO,2025-11-08T18:05:35.161149Z,0.74,404,yes,c06efacb-a05f-5a5e-e585-2f9bc435823c
KXATPMATCH-25NOV08DJOMUS-DJO,2025-11-08T18:05:34.461239Z,0.74,190,yes,cbf3d246-9ccb-4a02-e767-e846a76ffd64
KXATPMATCH-25NOV08DJOMUS-DJO,2025-11-08T18:05:34.461239Z,0.74,136,yes,14af761b-2b46-4124-fbcd-1d86f7602f36
KXATPMATCH-25NOV08DJOMUS-DJO,2025-11-08T18:05:33.509962Z,0.74,14,yes,15ef85af-927a-7cf8-788a-f124dace9cde
KXATPMATCH-25NOV08DJOMUS-DJO,2025-11-08T18:05:31.769477Z,0.72,41,no,c180b46b-92a5-59d8-2d5e-a5674038b6ae
KXATPMATCH-25NOV08DJOMUS-DJO,2025-11-08T18:05:31.731615Z,0.74,66,yes,9199609e-865a-43e8-bf65-7bdbbacec9fe
KXATPMATCH-25NOV08DJOMUS-DJO,2025-11-08T18:05:31.639059Z,0.74,13,yes,0c8773e9-3466-51dc-f07d-f6a51ec346d2
KXATPMATCH-25NOV08DJOMUS-DJO,2025-11-08T18:05:26.554182Z,0.73,100,yes,b00c745b-7afb-4975-bdb8-1c026d0387f9
KXATPMATCH-25NOV08DJOMUS-DJO,2025-11-08T18:05:26.554182Z,0.74,471,yes,9d1a14c5-ba02-478c-9198-765aa879c5de
KXATPMATCH-25NOV08DJOMUS-DJO,2025-11-08T18:05:18.422887Z,0.73,134,yes,d2fd0db9-715a-49dd-d6f1-1dbc8dc9be92
KXATPMATCH-25NOV08DJOMUS-DJO,2025-11-08T18:05:16.432054Z,0.73,20,yes,3151ae34-702a-5889-4806-9a91840fce8a
KXATPMATCH-25NOV08DJOMUS-DJO,2025-11-08T18:05:14.329761Z,0.72,39,no,bd71d058-56c1-7afc-0e2b-3a6dbed0eb5e
KXATPMATCH-25NOV08DJOMUS-DJO,2025-11-08T18:05:11.911681Z,0.71,84,yes,dd3e7ceb-ab4b-4983-30eb-00f02c09e503
KXATPMATCH-25NOV08DJOMUS-DJO,2025-11-08T18:05:11.911681Z,0.71,5,yes,d1b40f81-8cc0-4d30-37ee-430a53f363f0
KXATPMATCH-25NOV08DJOMUS-DJO,2025-11-08T18:05:11.911681Z,0.72,66,yes,bb184254-8eb2-4aa2-24e2-5e96f1a7b393
KXATPMATCH-25NOV08DJOMUS-DJO,2025-11-08T18:05:11.911681Z,0.7,44,yes,42c39d2c-c8db-4b68-36d1-3185b90e3428
KXATPMATCH-25NOV08DJOMUS-DJO,2025-11-08T18:05:11.911681Z,0.72,199,yes,325458cc-2b97-4b29-09e8-f94533aab7ed
KXATPMATCH-25NOV08DJOMUS-DJO,2025-11-08T18:05:11.158441Z,0.68,74,yes,7f31fba5-236d-5db5-2774-c5b060ff9519
KXATPMATCH-25NOV08DJOMUS-DJO,2025-11-08T18:05:11.127328Z,0.62,24,yes,fd37c812-bb5d-72ee-e2cb-45c0a15f2fa6
KXATPMATCH-25NOV08DJOMUS-DJO,2025-11-08T18:05:11.127328Z,0.62,50,yes,71656284-a9fb-7848-dbab-3072e5c625f6
KXATPMATCH-25NOV08DJOMUS-DJO,2025-11-08T18:05:11.127328Z,0.66,187,yes,6cb4d1da-95a4-75f1-d659-a572f609575d
KXATPMATCH-25NOV08DJOMUS-DJO,2025-11-08T18:05:11.127328Z,0.65,100,yes,20c5cb49-ccb3-7e4d-e500-faa2acd32790
KXATPMATCH-25NOV08DJOMUS-DJO,2025-11-08T18:05:10.090795Z,0.62,36,yes,77ff835a-fd25-7cfa-27ec-a97a487a2ba2
KXATPMATCH-25NOV08DJOMUS-DJO,2025-11-08T18:04:59.156268Z,0.62,39,yes,84157ec6-6698-7277-bc0c-6bffbaa8c5da
KXATPMATCH-25NOV08DJOMUS-DJO,2025-11-08T18:04:58.539431Z,0.62,1014,yes,2379d6b0-bd64-6803-a88f-ac6f33d1c2c6
KXATPMATCH-25NOV08DJOMUS-DJO,2025-11-08T18:04:57.781592Z,0.62,39,yes,8c56e26e-a29c-7013-24ca-c72159f440f2
KXATPMATCH-25NOV08DJOMUS-DJO,2025-11-08T18:04:43.9415Z,0.62,392,yes,e6b1ad1f-0822-61ec-fff9-c474ed013c5a
KXATPMATCH-25NOV08DJOMUS-DJO,2025-11-08T18:04:40.962509Z,0.61,46,yes,014b3dc6-4f1b-6dad-3b9d-598337315419
KXATPMATCH-25NOV08DJOMUS-DJO,2025-11-08T18:04:39.683077Z,0.62,157,yes,56159a75-316e-5754-0bba-cfaab95a12c2
KXATPMATCH-25NOV08DJOMUS-DJO,2025-11-08T18:04:36.98638Z,0.61,39,yes,ff3d4184-3f00-4fa9-a398-27b83e090354
KXATPMATCH-25NOV08DJOMUS-DJO,2025-11-08T18:04:33.41996Z,0.61,30,yes,b96b0757-ff50-4f93-a375-4a60817bdca7
KXATPMATCH-25NOV08DJOMUS-DJO,2025-11-08T18:04:33.41996Z,0.59,5,yes,5cee989a-a934-457a-9647-d84d0c0da9fb
KXATPMATCH-25NOV08DJOMUS-DJO,2025-11-08T18:04:33.41996Z,0.62,27,yes,1664535a-3285-41cd-83c8-60a2f3d5555a
KXATPMATCH-25NOV08DJOMUS-DJO,2025-11-08T18:04:33.41996Z,0.6,138,yes,11cf7b36-8592-4337-9ea0-9253ad8ba3f8
KXATPMATCH-25NOV08DJOMUS-DJO,2025-11-08T18:04:33.387347Z,0.57,200,yes,426a40dc-3797-4e70-5dba-8f61efa795d8
KXATPMATCH-25NOV08DJOMUS-DJO,2025-11-08T18:04:33.387347Z,0.57,300,yes,079d35b2-4fa4-4730-7b02-8e03264cef09
KXATPMATCH-25NOV08DJOMUS-DJO,2025-11-08T18:04:33.387347Z,0.56,200,yes,02d1d8a2-1175-4fff-7afe-c1e4455eb078
KXATPMATCH-25NOV08DJOMUS-DJO,2025-11-08T18:04:30.252219Z,0.57,15,yes,a6d143cc-bc88-69ca-8402-e1393e836c06
KXATPMATCH-25NOV08DJOMUS-DJO,2025-11-08T18:04:30.111835Z,0.56,1,yes,b5f1e49f-7b40-5b34-aad7-8c96184bab09
KXATPMATCH-25NOV08DJOMUS-DJO,2025-11-08T18:04:28.262236Z,0.54,50,yes,cb7d2feb-f1e9-5514-48f5-cee07dc0c40b
KXATPMATCH-25NOV08DJOMUS-DJO,2025-11-08T18:04:28.262236Z,0.54,138,yes,0548584c-cf48-5a5c-422f-88df02150498
KXATPMATCH-25NOV08DJOMUS-DJO,2025-11-08T18:04:14.031545Z,0.53,4,no,20798e10-5e22-4461-a2c6-6d54b78f548e
KXATPMATCH-25NOV08DJOMUS-DJO,2025-11-08T18:04:11.436519Z,0.53,14,yes,5fbadd63-35bc-5cd1-3c6a-c63d331ef2b4
KXATPMATCH-25NOV08DJOMUS-DJO,2025-11-08T18:04:10.671612Z,0.52,327,no,d9793f35-2aa1-6589-74fa-b4bc44aae650
KXATPMATCH-25NOV08DJOMUS-DJO,2025-11-08T18:04:08.956885Z,0.54,7,yes,50ce3bf6-1117-4163-c2c8-61a9addce599
KXATPMATCH-25NOV08DJOMUS-DJO,2025-11-08T18:04:07.581146Z,0.53,76,no,adbafe16-039d-6287-fe6f-d011dad2a9c1
KXATPMATCH-25NOV08DJOMUS-DJO,2025-11-08T18:04:06.594544Z,0.53,100,yes,d26bff5c-29bd-55e8-465a-28b16951e92e
KXATPMATCH-25NOV08DJOMUS-DJO,2025-11-08T18:04:06.594544Z,0.53,580,yes,614a695d-1d97-5c0b-54a7-e1f923cf8ec3
KXATPMATCH-25NOV08DJOMUS-DJO,2025-11-08T18:04:06.546951Z,0.53,182,yes,38e2b8ea-de53-4de3-a977-55b757c70c8f
KXATPMATCH-25NOV08DJOMUS-DJO,2025-11-08T18:04:05.205279Z,0.53,58,yes,17be7363-60cf-7c9b-878c-991318dc7d23
KXATPMATCH-25NOV08DJOMUS-DJO,2025-11-08T18:04:05.117111Z,0.53,18,yes,07223de6-3db7-596b-5096-83985713dcc7
KXATPMATCH-25NOV08DJOMUS-DJO,2025-11-08T18:04:02.585759Z,0.53,10,yes,db5e80c5-da7f-6b4f-f7b0-672848388107
KXATPMATCH-25NOV08DJOMUS-DJO,2025-11-08T18:03:59.597547Z,0.53,18,yes,19f550bd-664b-4213-3957-4c2386c27f43
KXATPMATCH-25NOV08DJOMUS-DJO,2025-11-08T18:03:58.134696Z,0.53,182,yes,3f6dec1b-2877-4b73-8242-0c62ede3af37
KXATPMATCH-25NOV08DJOMUS-DJO,2025-11-08T18:03:57.785774Z,0.53,274,yes,f672fcfe-ee3f-4a4f-64af-40f5bbc13327
KXATPMATCH-25NOV08DJOMUS-DJO,2025-11-08T18:03:56.689608Z,0.53,147,yes,4d498ddb-19a7-5f33-6306-9e2a18b7f943
KXATPMATCH-25NOV08DJOMUS-DJO,2025-11-08T18:03:54.294031Z,0.53,10,yes,1036c8f2-9303-74cb-4538-72811ec32f3b
KXATPMATCH-25NOV08DJOMUS-DJO,2025-11-08T18:03:54.284405Z,0.53,100,yes,84e6dc1b-d51b-62bf-bd56-b8b0a6776eb7
KXATPMATCH-25NOV08DJOMUS-DJO,2025-11-08T18:03:52.365519Z,0.57,74,yes,44d6888c-c4fb-540e-3453-7c7cfadd942e
KXATPMATCH-25NOV08DJOMUS-DJO,2025-11-08T18:03:50.542346Z,0.57,599,no,086a3382-e441-4378-7b72-013bae26af95
KXATPMATCH-25NOV08DJOMUS-DJO,2025-11-08T18:03:50.032093Z,0.6,200,no,cf0d75b3-d11e-43cf-757d-21d1701e2ac0
KXATPMATCH-25NOV08DJOMUS-DJO,2025-11-08T18:03:50.032093Z,0.56,999,no,bbeefa5f-b1bd-4b91-6ca3-323dec1f91eb
KXATPMATCH-25NOV08DJOMUS-DJO,2025-11-08T18:03:50.032093Z,0.6,50,no,94a76bc3-2937-4ab2-5871-0b2c945f0fb2
KXATPMATCH-25NOV08DJOMUS-DJO,2025-11-08T18:03:50.032093Z,0.58,500,no,6c7f773f-d9d9-4611-4b21-5093bff58df6
KXATPMATCH-25NOV08DJOMUS-DJO,2025-11-08T18:03:50.032093Z,0.6,999,no,6a7b2621-61b4-4890-54db-04923a5beefd
KXATPMATCH-25NOV08DJOMUS-DJO,2025-11-08T18:03:50.032093Z,0.61,499,no,5384115c-7fa4-4a3b-4288-b77bc58326a2
KXATPMATCH-25NOV08DJOMUS-DJO,2025-11-08T18:03:50.032093Z,0.59,399,no,3a057579-b471-49ae-4fba-8ca2e4f852ae
KXATPMATCH-25NOV08DJOMUS-DJO,2025-11-08T18:03:50.032093Z,0.61,199,no,35b08f38-09c8-41dd-561d-dd79311efd13
KXATPMATCH-25NOV08DJOMUS-DJO,2025-11-08T18:03:50.032093Z,0.6,60,no,29ff0b11-6e22-4f93-49a7-595d429f9eac
KXATPMATCH-25NOV08DJOMUS-DJO,2025-11-08T18:03:50.032093Z,0.59,50,no,2499bb18-ef7b-4e57-719c-9e7b72331375
KXATPMATCH-25NOV08DJOMUS-DJO,2025-11-08T18:03:49.842994Z,0.61,100,yes,dd25454c-3fe6-4deb-1b46-db905b5dde94
KXATPMATCH-25NOV08DJOMUS-DJO,2025-11-08T18:03:44.32147Z,0.61,176,yes,c40775c0-525e-6c5a-d0ec-0f91d7dd629d
KXATPMATCH-25NOV08DJOMUS-DJO,2025-11-08T18:03:44.32147Z,0.61,100,yes,3ed5a77b-25ab-6455-cbc9-10223e1be2bc
KXATPMATCH-25NOV08DJOMUS-DJO,2025-11-08T18:03:44.32147Z,0.61,50,yes,011a738a-fd31-629c-cb5d-3d6d71f31c3b
KXATPMATCH-25NOV08DJOMUS-DJO,2025-11-08T18:03:43.415481Z,0.61,55,yes,2e9dd6cf-c9cd-5b63-63a7-3e2aa7bd655f
KXATPMATCH-25NOV08DJOMUS-DJO,2025-11-08T18:03:42.915119Z,0.61,23,yes,00349a61-4805-781f-225f-2051b5fd5adb
KXATPMATCH-25NOV08DJOMUS-DJO,2025-11-08T18:03:42.534623Z,0.61,159,yes,d1b684af-2e75-6d43-e1ff-a2bd5d1e74ab
KXATPMATCH-25NOV08DJOMUS-DJO,2025-11-08T18:03:41.763974Z,0.61,103,yes,85771b5f-b399-6d4b-7829-0d54b6e8e87b
KXATPMATCH-25NOV08DJOMUS-DJO,2025-11-08T18:03:41.102204Z,0.61,30,yes,c9f1c596-09d1-7fff-e436-29abd7d65613
KXATPMATCH-25NOV08DJOMUS-DJO,2025-11-08T18:03:41.102204Z,0.61,120,yes,adcfcbd7-57bd-7dc8-e5b7-80ebe742170a
KXATPMATCH-25NOV08DJOMUS-DJO,2025-11-08T18:03:40.622252Z,0.61,100,yes,e7222091-b3b1-6238-2e36-0ff14d33ba62
KXATPMATCH-25NOV08DJOMUS-DJO,2025-11-08T18:03:40.15372Z,0.61,79,yes,f1b6a7fd-1df9-650c-6a1c-0cf36b58a3b6
KXATPMATCH-25NOV08DJOMUS-DJO,2025-11-08T18:03:38.306268Z,0.61,558,yes,2cec529d-83a9-66c8-5d50-fbffe4c8b95e
KXATPMATCH-25NOV08DJOMUS-DJO,2025-11-08T18:03:38.200151Z,0.61,159,yes,4700f198-72e1-63e8-f935-76c7bedd8db6
KXATPMATCH-25NOV08DJOMUS-DJO,2025-11-08T18:03:36.926773Z,0.61,79,yes,9df8bc80-5d5d-6ab8-d773-dacd018a47e2
KXATPMATCH-25NOV08DJOMUS-DJO,2025-11-08T18:03:36.774723Z,0.61,28,yes,0850a1c4-33f9-515c-1c15-f12a3f1712ae
KXATPMATCH-25NOV08DJOMUS-DJO,2025-11-08T18:03:36.468855Z,0.61,33,yes,2d16109b-14fd-4ad8-d0d6-9760847b942a
KXATPMATCH-25NOV08DJOMUS-DJO,2025-11-08T18:03:35.892472Z,0.61,150,yes,049552f2-30a5-4058-e6f8-2279668f7372
KXATPMATCH-25NOV08DJOMUS-DJO,2025-11-08T18:03:35.632219Z,0.61,120,yes,2c17bb71-eded-6708-cdb3-d7b6f62bae9a
KXATPMATCH-25NOV08DJOMUS-DJO,2025-11-08T18:03:32.659034Z,0.61,114,yes,df8251c8-b349-68e8-7490-fbe2179d57a2
KXATPMATCH-25NOV08DJOMUS-DJO,2025-11-08T18:03:28.199715Z,0.61,39,yes,e6d14201-1e3d-4650-0e57-efc5badfaf46
KXATPMATCH-25NOV08DJOMUS-DJO,2025-11-08T18:03:25.457149Z,0.61,93,no,3966a89a-3ae6-5cf7-02f2-39b7b04af31d
KXATPMATCH-25NOV08DJOMUS-DJO,2025-11-08T18:03:22.106088Z,0.67,599,yes,6cefef3e-1ccb-57bd-d2af-beef7b56be94
KXATPMATCH-25NOV08DJOMUS-DJO,2025-11-08T18:03:22.106088Z,0.68,200,yes,3a2de3a5-46f8-562c-ff5f-00f5e18f56e4
KXATPMATCH-25NOV08DJOMUS-DJO,2025-11-08T18:03:22.106088Z,0.68,350,yes,2b5fb3f6-0877-5bc4-d38a-94f051737991
KXATPMATCH-25NOV08DJOMUS-DJO,2025-11-08T18:03:22.106088Z,0.67,599,yes,260f93a1-7a04-50ce-f903-e62352a42f6a
KXATPMATCH-25NOV08DJOMUS-DJO,2025-11-08T18:03:21.41559Z,0.7,65,yes,59f4ece9-25e1-6f77-0426-026f74a2cf01
KXATPMATCH-25NOV08DJOMUS-DJO,2025-11-08T18:03:21.339668Z,0.69,399,yes,267d5d63-1064-4e4d-9189-571843d49f75
KXATPMATCH-25NOV08DJOMUS-DJO,2025-11-08T18:03:21.339668Z,0.7,454,yes,16ee9ae8-72a9-4abb-a829-ca2150e991ed
KXATPMATCH-25NOV08DJOMUS-DJO,2025-11-08T18:03:21.339668Z,0.69,199,yes,0c55234f-d737-4d20-872e-4703781345ad
KXATPMATCH-25NOV08DJOMUS-DJO,2025-11-08T18:03:20.694883Z,0.63,200,no,46e6e7e4-b2a6-79de-1865-9d22bc7534c2
KXATPMATCH-25NOV08DJOMUS-DJO,2025-11-08T18:03:20.694883Z,0.7,500,no,45528e74-557c-7821-05fa-4c4b9563857b
KXATPMATCH-25NOV08DJOMUS-DJO,2025-11-08T18:03:20.694883Z,0.7,42,no,1009a33d-6e36-798b-284c-c5f98476c625
KXATPMATCH-25NOV08DJOMUS-DJO,2025-11-08T18:03:14.560725Z,0.74,14,no,a3e0add8-29cb-6a30-bdff-6c543ff5454b
KXATPMATCH-25NOV08DJOMUS-DJO,2025-11-08T18:03:14.560725Z,0.74,7,no,34c51ad2-164a-6e32-94a1-6a1c7763ee19
KXATPMATCH-25NOV08DJOMUS-DJO,2025-11-08T18:03:13.258896Z,0.75,32,yes,d2b192d4-18cc-6fd9-1004-5754fef247e9
KXATPMATCH-25NOV08DJOMUS-DJO,2025-11-08T18:03:08.738103Z,0.75,363,yes,d1abd975-8c13-5ae6-e674-696bcafd3c9f
KXATPMATCH-25NOV08DJOMUS-DJO,2025-11-08T18:03:08.738103Z,0.75,920,yes,6892c42c-3810-57a1-cd18-9ace577f787d
KXATPMATCH-25NOV08DJOMUS-DJO,2025-11-08T18:03:07.810193Z,0.75,13,yes,ca9c2dcf-7f13-730e-943f-e3c357b2ea07
KXATPMATCH-25NOV08DJOMUS-DJO,2025-11-08T18:03:02.325122Z,0.75,2,yes,abd6afdc-bbb3-4202-8295-d1b50e0cb58f
KXATPMATCH-25NOV08DJOMUS-DJO,2025-11-08T18:03:02.020834Z,0.75,140,yes,781f3926-c213-7b86-9fbc-8ca3bdaa0293
KXATPMATCH-25NOV08DJOMUS-DJO,2025-11-08T18:03:01.410159Z,0.75,17,yes,ec777221-ff47-67a2-26d0-9546ca52eac7
KXATPMATCH-25NOV08DJOMUS-DJO,2025-11-08T18:02:59.420126Z,0.74,90,yes,a48967a7-84a8-4698-b097-a618cfb1ff31
KXATPMATCH-25NOV08DJOMUS-DJO,2025-11-08T18:02:59.037557Z,0.73,260,yes,218f9c57-7c35-7b7f-cbe3-b9ef27a5ee06
KXATPMATCH-25NOV08DJOMUS-DJO,2025-11-08T18:02:56.157484Z,0.72,200,yes,50b7fe4e-b9fc-71ee-7815-9d48c034634e
KXATPMATCH-25NOV08DJOMUS-DJO,2025-11-08T18:02:54.704711Z,0.72,10,yes,be79f2ee-cb88-7a92-4ee5-b713bdd6ed56
KXATPMATCH-25NOV08DJOMUS-DJO,2025-11-08T18:02:54.07633Z,0.72,26,yes,5a8385b3-6d84-471e-497a-5795ba7089ba
KXATPMATCH-25NOV08DJOMUS-DJO,2025-11-08T18:02:52.890671Z,0.73,134,yes,0c2da304-4c5c-77d5-5344-4f6d11a9c493
KXATPMATCH-25NOV08DJOMUS-DJO,2025-11-08T18:02:51.21525Z,0.73,25,yes,7a2e8672-a75c-62f5-cc5d-d4b3be860f77
KXATPMATCH-25NOV08DJOMUS-DJO,2025-11-08T18:02:50.454Z,0.71,529,no,84a608a2-fd08-6492-1d7f-f0c741e9324d
KXATPMATCH-25NOV08DJOMUS-DJO,2025-11-08T18:02:50.454Z,0.72,100,no,46a0c475-21b3-6f2c-3525-af8c34627ea1
KXATPMATCH-25NOV08DJOMUS-DJO,2025-11-08T18:02:48.0201Z,0.71,26,no,2063d99f-0394-637a-37a1-dea5e1e7f411
KXATPMATCH-25NOV08DJOMUS-DJO,2025-11-08T18:02:44.927923Z,0.73,134,yes,17e30885-e538-64e9-9dbe-dea1b757b2b3
KXATPMATCH-25NOV08DJOMUS-DJO,2025-11-08T18:02:44.364737Z,0.73,40,yes,441ea40a-c9b0-490d-cf22-8cdccdeee22b
KXATPMATCH-25NOV08DJOMUS-DJO,2025-11-08T18:02:42.480672Z,0.73,20,yes,758fca8c-3b38-66b1-e5f5-a91ab1de105f
KXATPMATCH-25NOV08DJOMUS-DJO,2025-11-08T18:02:42.034312Z,0.73,242,yes,1451a4f3-42bc-4961-41e4-f86cc8bf7beb
KXATPMATCH-25NOV08DJOMUS-DJO,2025-11-08T18:02:40.676514Z,0.73,672,yes,bb9d9653-95fc-40d9-1f31-2278fb49bebf
KXATPMATCH-25NOV08DJOMUS-DJO,2025-11-08T18:02:40.580992Z,0.73,65,yes,3f16d3e7-a814-66a1-8987-f56791940cbf
KXATPMATCH-25NOV08DJOMUS-DJO,2025-11-08T18:02:39.746832Z,0.73,178,yes,370e6b79-8c38-57b5-e00f-859116d7c61f
KXATPMATCH-25NOV08DJOMUS-DJO,2025-11-08T18:02:39.697807Z,0.73,133,yes,3901804c-9adc-68b9-94cb-879ec9f8c2a3
KXATPMATCH-25NOV08DJOMUS-DJO,2025-11-08T18:02:39.007157Z,0.71,17,no,6786b495-397c-489a-bb5f-90a80f534add
KXATPMATCH-25NOV08DJOMUS-DJO,2025-11-08T18:02:38.16486Z,0.73,26,yes,4fff86bf-6bdc-6a75-59c7-43df813d3303
KXATPMATCH-25NOV08DJOMUS-DJO,2025-11-08T18:02:36.091088Z,0.73,21,yes,8db54db0-a8da-68ef-a094-0f15c0f1eea7
KXATPMATCH-25NOV08DJOMUS-DJO,2025-11-08T18:02:36.091088Z,0.73,9,yes,2c378eb3-2724-689d-8610-794daf32c9d7
KXATPMATCH-25NOV08DJOMUS-DJO,2025-11-08T18:02:34.103447Z,0.73,1344,yes,1b19d9b3-c632-4657-2a8b-ba0c87f57f63
KXATPMATCH-25NOV08DJOMUS-DJO,2025-11-08T18:02:33.520566Z,0.73,134,yes,692e6581-bcf6-70f7-3aef-10cc4e3ed59f
KXATPMATCH-25NOV08DJOMUS-DJO,2025-11-08T18:02:32.672386Z,0.71,119,no,03a3f323-5989-49c2-9e60-c6a6b14d895e
KXATPMATCH-25NOV08DJOMUS-DJO,2025-11-08T18:02:30.895837Z,0.73,50,yes,a441f9e8-8a22-481b-d287-ed9dc46ffbeb
KXATPMATCH-25NOV08DJOMUS-DJO,2025-11-08T18:02:30.16969Z,0.73,4039,yes,c0aa0532-3dc7-41be-d112-58fb187a577e
KXATPMATCH-25NOV08DJOMUS-DJO,2025-11-08T18:02:30.16969Z,0.73,30,yes,baeb67f0-143e-4f0b-f901-da1fb1e3021b
KXATPMATCH-25NOV08DJOMUS-DJO,2025-11-08T18:02:30.16969Z,0.72,100,yes,20f44c0b-2fa8-43d6-f754-4226dade5c19
KXATPMATCH-25NOV08DJOMUS-DJO,2025-11-08T18:02:25.572689Z,0.73,33,yes,e94ceec0-534f-4932-3008-18fbdb68ad86
KXATPMATCH-25NOV08DJOMUS-DJO,2025-11-08T18:02:23.750109Z,0.72,18,no,46326e49-5197-65ec-a692-83a82b43d557
KXATPMATCH-25NOV08DJOMUS-DJO,2025-11-08T18:02:19.907863Z,0.72,42,yes,ecea2cd6-5bd0-49fc-51a2-e0c2904e8585
KXATPMATCH-25NOV08DJOMUS-DJO,2025-11-08T18:02:19.907863Z,0.73,630,yes,6911f55d-1737-42ca-761b-26e5ac0bbe12
KXATPMATCH-25NOV08DJOMUS-DJO,2025-11-08T18:02:19.828793Z,0.72,6,yes,3f2be913-c618-786c-4d97-ca9984fa79b5
KXATPMATCH-25NOV08DJOMUS-DJO,2025-11-08T18:02:19.305635Z,0.72,17,yes,6347eb6c-cca0-6580-69a1-d982e3a28f95
KXATPMATCH-25NOV08DJOMUS-DJO,2025-11-08T18:02:14.725055Z,0.71,200,no,b2408fa1-be99-581e-4dc7-e7c23f6df612
KXATPMATCH-25NOV08DJOMUS-DJO,2025-11-08T18:02:14.527845Z,0.7,200,no,64bc0f5b-ff27-60f1-7c21-d3467c2d00de
KXATPMATCH-25NOV08DJOMUS-DJO,2025-11-08T18:02:14.402059Z,0.71,200,yes,65de4931-95bb-7de3-e3f1-f7302c6da6cf
KXATPMATCH-25NOV08DJOMUS-DJO,2025-11-08T18:02:14.382421Z,0.7,200,no,22af1a3b-803b-5c2d-1871-f33653448202
KXATPMATCH-25NOV08DJOMUS-DJO,2025-11-08T18:02:14.37466Z,0.7,389,no,35f15d67-e9c3-48e5-0697-47865fa240f2
KXATPMATCH-25NOV08DJOMUS-DJO,2025-11-08T18:02:14.357045Z,0.65,100,yes,feb61c6d-2ca3-68aa-e948-e30424f01b82
KXATPMATCH-25NOV08DJOMUS-DJO,2025-11-08T18:02:14.357045Z,0.66,5,yes,fe3bb4ab-d724-6338-cc88-7009add942ef
KXATPMATCH-25NOV08DJOMUS-DJO,2025-11-08T18:02:14.357045Z,0.62,37,yes,9c6915ee-156d-6b7a-f82d-2d8e7eb02c83
KXATPMATCH-25NOV08DJOMUS-DJO,2025-11-08T18:02:14.357045Z,0.69,81,yes,5192362a-fc55-6bae-cd3d-78aac8124fb1
KXATPMATCH-25NOV08DJOMUS-DJO,2025-11-08T18:02:14.357045Z,0.63,200,yes,0cfa8834-ef77-68b8-f7bb-83d21ca7fcee
KXATPMATCH-25NOV08DJOMUS-DJO,2025-11-08T18:02:12.570794Z,0.62,13,yes,c8c0b022-71a9-7c3a-2b48-c9182b0a421b
KXATPMATCH-25NOV08DJOMUS-DJO,2025-11-08T18:02:04.952082Z,0.6,383,yes,8bc0f11d-7719-657d-9c17-ef35dc28c64d
KXATPMATCH-25NOV08DJOMUS-DJO,2025-11-08T18:02:04.952082Z,0.6,1238,yes,5c7c90f8-855f-6438-ba25-bab457dadc4d
KXATPMATCH-25NOV08DJOMUS-DJO,2025-11-08T18:02:03.111162Z,0.6,162,yes,817e4202-cbb7-51a4-c8c6-dd15d71b29d5
KXATPMATCH-25NOV08DJOMUS-DJO,2025-11-08T18:02:01.451998Z,0.6,40,yes,ae559560-b0df-6cf8-f144-bc31e76ee5e5
KXATPMATCH-25NOV08DJOMUS-DJO,2025-11-08T18:02:00.049435Z,0.59,82,no,9732273e-2d11-71ca-5491-327317c9b191
KXATPMATCH-25NOV08DJOMUS-DJO,2025-11-08T18:02:00.049435Z,0.59,43,no,0e5c5827-f372-7ccf-67bc-7075a815a62d
KXATPMATCH-25NOV08DJOMUS-DJO,2025-11-08T18:01:59.699766Z,0.59,18,no,a74450cd-03dd-54f6-0446-a13e90f96885
KXATPMATCH-25NOV08DJOMUS-DJO,2025-11-08T18:01:58.677192Z,0.6,105,yes,07f54c66-0c27-6ab0-f9a6-a55e95b236a1
KXATPMATCH-25NOV08DJOMUS-DJO,2025-11-08T18:01:58.612088Z,0.6,20,yes,8d347ff6-4edf-4bc8-3d68-638235f1fba9
KXATPMATCH-25NOV08DJOMUS-DJO,2025-11-08T18:01:54.308293Z,0.6,14,yes,c393e9d8-a60b-6278-1ead-3431891fa7f9
KXATPMATCH-25NOV08DJOMUS-DJO,2025-11-08T18:01:54.308293Z,0.59,18,yes,5f6f062d-d007-66df-2f60-5c9462363ce1
KXATPMATCH-25NOV08DJOMUS-DJO,2025-11-08T18:01:52.739407Z,0.58,131,no,ca82c296-1c78-52e8-17e4-5acd0884817c
KXATPMATCH-25NOV08DJOMUS-DJO,2025-11-08T18:01:49.210204Z,0.59,82,yes,6959fb70-9e23-7657-3461-eea9ec330509
KXATPMATCH-25NOV08DJOMUS-DJO,2025-11-08T18:01:39.38201Z,0.71,81,no,f565390e-786b-45af-85c0-cd6fa6d3a44e
KXATPMATCH-25NOV08DJOMUS-DJO,2025-11-08T18:01:39.38201Z,0.71,1408,no,de5279c5-6776-4cbe-9087-45a1e3de76fb
KXATPMATCH-25NOV08DJOMUS-DJO,2025-11-08T18:01:39.38201Z,0.7,30,no,8297c958-c54b-44e0-b292-6866fe9ea5c6
KXATPMATCH-25NOV08DJOMUS-DJO,2025-11-08T18:01:39.38201Z,0.7,100,no,3b701693-6ef5-44db-82f5-f954f8dad11b
KXATPMATCH-25NOV08DJOMUS-DJO,2025-11-08T18:01:39.379476Z,0.72,100,no,23bc3b98-5dd5-500d-d3e4-0324195473ca
KXATPMATCH-25NOV08DJOMUS-DJO,2025-11-08T18:01:35.405083Z,0.72,100,no,838ddc84-314e-40c8-89b1-0cda469f2e5c
KXATPMATCH-25NOV08DJOMUS-DJO,2025-11-08T18:01:33.809973Z,0.73,134,yes,465501bf-6d8f-51da-7536-cdffead8f1a2
KXATPMATCH-25NOV08DJOMUS-DJO,2025-11-08T18:01:28.840487Z,0.73,20,yes,f4617961-cb13-62ea-ed8f-483e99215db2
KXATPMATCH-25NOV08DJOMUS-DJO,2025-11-08T18:01:28.328215Z,0.73,19,yes,00cf1289-97e3-5f92-cb15-a148dd7c9382
KXATPMATCH-25NOV08DJOMUS-DJO,2025-11-08T18:01:22.420602Z,0.73,6,yes,cc5b2f97-3a8f-528a-748a-3fab8218601e
KXATPMATCH-25NOV08DJOMUS-DJO,2025-11-08T18:01:17.74401Z,0.73,2000,yes,6ff2b896-9e2f-741a-12db-e6c043edbb5a
KXATPMATCH-25NOV08DJOMUS-DJO,2025-11-08T18:01:16.887875Z,0.73,20,yes,bdd1df6d-e3d3-4132-56d2-92ae1ac5e3ee
KXATPMATCH-25NOV08DJOMUS-DJO,2025-11-08T18:01:15.676231Z,0.73,2,yes,c81c2a30-f82f-76c6-7f7b-8d6ce1455a9a
KXATPMATCH-25NOV08DJOMUS-DJO,2025-11-08T18:01:15.228088Z,0.73,1,yes,d15547e9-49ab-5eea-1d3c-7d928cb8e142
KXATPMATCH-25NOV08DJOMUS-DJO,2025-11-08T18:01:14.272178Z,0.73,13,yes,3ae0fc8b-2a53-7882-c345-f07973e8987a
KXATPMATCH-25NOV08DJOMUS-DJO,2025-11-08T18:01:14.098759Z,0.73,999,yes,9d2ffc52-03bf-5b2e-a3cf-9e28c5c131e6
KXATPMATCH-25NOV08DJOMUS-DJO,2025-11-08T18:01:13.100757Z,0.73,40,yes,279e298a-051f-5b1a-38c4-83b4e6e25b4e
KXATPMATCH-25NOV08DJOMUS-DJO,2025-11-08T18:01:12.32752Z,0.73,44,yes,0a2a1aef-6197-77ce-53e9-0d330d366fae
KXATPMATCH-25NOV08DJOMUS-DJO,2025-11-08T18:01:07.076135Z,0.73,68,yes,121823dd-b96b-75df-c975-542c3c27d137
KXATPMATCH-25NOV08DJOMUS-DJO,2025-11-08T18:01:07.020811Z,0.72,1579,no,cc7961ec-fa3e-5c2c-aa04-6ba503cd2272
KXATPMATCH-25NOV08DJOMUS-DJO,2025-11-08T18:01:04.593238Z,0.71,200,no,76b16e3a-1eef-6985-b2b0-62e981be42c9
KXATPMATCH-25NOV08DJOMUS-DJO,2025-11-08T18:01:04.092009Z,0.73,71,yes,b0b12ef6-e8e9-620d-0ce2-a6e676a44c49
KXATPMATCH-25NOV08DJOMUS-DJO,2025-11-08T18:01:03.839571Z,0.73,26,yes,17d65cf7-5b63-42fc-3d2c-1752286de502
KXATPMATCH-25NOV08DJOMUS-DJO,2025-11-08T18:00:59.687854Z,0.72,408,yes,c9a62eb0-4f1b-54b0-56c0-52d34f6a00b1
KXATPMATCH-25NOV08DJOMUS-DJO,2025-11-08T18:00:57.278781Z,0.72,290,yes,1a980ea3-f263-7e47-0d7d-ccdc351f9e0a
KXATPMATCH-25NOV08DJOMUS-DJO,2025-11-08T18:00:56.535918Z,0.73,599,yes,7ee60c02-fa4d-5963-4c8f-b47e6aebeaf8
KXATPMATCH-25NOV08DJOMUS-DJO,2025-11-08T18:00:56.535918Z,0.74,123,yes,6e5793c3-af7f-57fb-411f-dfb20f0a1b92
KXATPMATCH-25NOV08DJOMUS-DJO,2025-11-08T18:00:56.535918Z,0.73,556,yes,24a59913-60c5-53be-6d1e-b1d6c706b69a
KXATPMATCH-25NOV08DJOMUS-DJO,2025-11-08T18:00:56.099687Z,0.73,199,yes,e84070d9-60fc-7400-f8ab-11b569cd3e15
KXATPMATCH-25NOV08DJOMUS-DJO,2025-11-08T18:00:56.099687Z,0.73,43,yes,295b9c9d-c08d-761a-e641-9834d5ffa3a2
KXATPMATCH-25NOV08DJOMUS-DJO,2025-11-08T18:00:55.875412Z,0.76,100,yes,8074727d-7b42-69b5-ebaa-24a9c656ab6c
KXATPMATCH-25NOV08DJOMUS-DJO,2025-11-08T18:00:54.833041Z,0.78,100,no,9356d191-4728-5a75-757b-efdae8accc68
KXATPMATCH-25NOV08DJOMUS-DJO,2025-11-08T18:00:54.833041Z,0.8,95,no,761f6898-b2f3-5130-6951-1214704a73ef
KXATPMATCH-25NOV08DJOMUS-DJO,2025-11-08T18:00:54.833041Z,0.8,600,no,508d3425-5f89-528e-45e7-a51091d06806
KXATPMATCH-25NOV08DJOMUS-DJO,2025-11-08T18:00:54.29298Z,0.81,974,yes,78cbf353-7f8a-6b1f-2968-14829d22e93a
KXATPMATCH-25NOV08DJOMUS-DJO,2025-11-08T18:00:53.714221Z,0.81,6,yes,caa4c179-1fc2-6d4f-c70f-a72bb61ce48a
KXATPMATCH-25NOV08DJOMUS-DJO,2025-11-08T18:00:53.61917Z,0.8,5,no,ca4df5cb-1df7-7248-fad5-5f5374bd5437
KXATPMATCH-25NOV08DJOMUS-DJO,2025-11-08T18:00:53.407258Z,0.81,199,yes,69cebd40-0406-639f-a569-6bd90723fd4a
KXATPMATCH-25NOV08DJOMUS-DJO,2025-11-08T18:00:47.877755Z,0.81,12,yes,a054e0c2-ec0e-48b7-034d-e17449169b36
KXATPMATCH-25NOV08DJOMUS-DJO,2025-11-08T18:00:47.17334Z,0.8,100,no,eace01e3-0b48-4869-3657-4763a367a71b
KXATPMATCH-25NOV08DJOMUS-DJO,2025-11-08T18:00:47.17334Z,0.8,100,no,e03b9e5c-9fd6-4f00-0d84-b8d550b4efe0
KXATPMATCH-25NOV08DJOMUS-DJO,2025-11-08T18:00:47.17334Z,0.8,100,no,c98d6071-a178-4344-021c-f917f2c52a9f
KXATPMATCH-25NOV08DJOMUS-DJO,2025-11-08T18:00:47.17334Z,0.8,100,no,c97ff5a0-e407-41d0-352c-33f1b136cc0f
KXATPMATCH-25NOV08DJOMUS-DJO,2025-11-08T18:00:47.17334Z,0.8,18,no,b6b370ee-4f75-4832-1670-73d018ec4f26
KXATPMATCH-25NOV08DJOMUS-DJO,2025-11-08T18:00:47.17334Z,0.8,100,no,78a748e9-5868-42d3-23d5-87d5cc183b2e
KXATPMATCH-25NOV08DJOMUS-DJO,2025-11-08T18:00:47.17334Z,0.79,253,no,5e32674d-d01e-4c59-27ef-0ce74776b0c2
KXATPMATCH-25NOV08DJOMUS-DJO,2025-11-08T18:00:47.17334Z,0.8,100,no,55608aef-b6bc-469d-1b18-86c90287465f
KXATPMATCH-25NOV08DJOMUS-DJO,2025-11-08T18:00:47.17334Z,0.8,100,no,360b185a-028c-4574-01f6-85931e90c085
KXATPMATCH-25NOV08DJOMUS-DJO,2025-11-08T18:00:47.17334Z,0.8,100,no,22a4979a-9f33-4321-0bb8-1a8a977bf943
KXATPMATCH-25NOV08DJOMUS-DJO,2025-11-08T18:00:47.17334Z,0.8,100,no,134e04cc-c218-4754-229e-1213d0a6bfad
KXATPMATCH-25NOV08DJOMUS-DJO,2025-11-08T18:00:47.143219Z,0.81,30,yes,3cbd0b79-9226-6bf3-8b93-1159de5dc026
KXATPMATCH-25NOV08DJOMUS-DJO,2025-11-08T18:00:46.054674Z,0.8,182,no,f6083e54-6595-7bd2-0147-2ec6ba5de432
KXATPMATCH-25NOV08DJOMUS-DJO,2025-11-08T18:00:46.030051Z,0.81,12,yes,742592c8-ef82-6693-e96d-dae3ada76456
KXATPMATCH-25NOV08DJOMUS-DJO,2025-11-08T18:00:44.936717Z,0.81,243,yes,ce3869db-8dd6-5e73-6160-00835a9502fa
KXATPMATCH-25NOV08DJOMUS-DJO,2025-11-08T18:00:44.331763Z,0.81,771,yes,a4e23e7e-bc07-4d55-357d-d34b047b4a68
KXATPMATCH-25NOV08DJOMUS-DJO,2025-11-08T18:00:44.331763Z,0.81,447,yes,75fd66bd-1869-471b-0f26-b72154f4c31b
KXATPMATCH-25NOV08DJOMUS-DJO,2025-11-08T18:00:42.469231Z,0.81,609,yes,6235c97f-ae5f-43c1-a60e-d05b79610418
KXATPMATCH-25NOV08DJOMUS-DJO,2025-11-08T18:00:42.258903Z,0.8,79,no,ad31f63d-ab4d-6e17-7ed8-16209135f5d8
KXATPMATCH-25NOV08DJOMUS-DJO,2025-11-08T18:00:42.094923Z,0.81,18,yes,d50b8770-e667-53a1-1687-70518a247be0
KXATPMATCH-25NOV08DJOMUS-DJO,2025-11-08T18:00:42.02536Z,0.81,473,yes,47d282e1-2aab-6735-a7ec-efad5399a370
KXATPMATCH-25NOV08DJOMUS-DJO,2025-11-08T18:00:40.426239Z,0.81,53,yes,0c663247-c707-6685-4063-f78910e42c44
KXATPMATCH-25NOV08DJOMUS-DJO,2025-11-08T18:00:40.199654Z,0.81,76,yes,569ed9ac-d8f3-65bd-f18c-6d1d94393b40
KXATPMATCH-25NOV08DJOMUS-DJO,2025-11-08T18:00:37.24002Z,0.8,218,yes,e19ee39e-fc05-59ab-e2ee-6807b460d784
KXATPMATCH-25NOV08DJOMUS-DJO,2025-11-08T18:00:37.24002Z,0.8,1125,yes,7bc8ca5c-9b1c-5422-f3ee-f2c25c2e4df2
KXATPMATCH-25NOV08DJOMUS-DJO,2025-11-08T18:00:37.095439Z,0.8,182,yes,e6850057-78f5-430f-d0e2-9b222ca16494
KXATPMATCH-25NOV08DJOMUS-DJO,2025-11-08T18:00:37.095439Z,0.8,73,yes,2aebe32f-e51f-4d40-c8a3-9185c74509e4
KXATPMATCH-25NOV08DJOMUS-DJO,2025-11-08T18:00:36.678207Z,0.8,120,yes,9ffc0179-e55f-41c8-109d-b82ec0fc2098
KXATPMATCH-25NOV08DJOMUS-DJO,2025-11-08T18:00:35.931288Z,0.8,48,yes,57556053-3793-45f0-6bc4-d5922c308d98
KXATPMATCH-25NOV08DJOMUS-DJO,2025-11-08T18:00:35.750661Z,0.8,12,yes,f4491ae5-18e3-7eb8-c713-332dbcd15870
KXATPMATCH-25NOV08DJOMUS-DJO,2025-11-08T18:00:31.195446Z,0.8,128,yes,23ad5a20-a2e7-6598-906f-712a8b2cb344
KXATPMATCH-25NOV08DJOMUS-DJO,2025-11-08T18:00:31.131139Z,0.8,119,yes,8471dc5e-d51f-44e8-9c35-c304e5158c58
KXATPMATCH-25NOV08DJOMUS-DJO,2025-11-08T18:00:30.818938Z,0.79,10,no,a3ab8b22-9c16-6d25-8968-2453e9074da6
KXATPMATCH-25NOV08DJOMUS-DJO,2025-11-08T18:00:29.851469Z,0.79,20,yes,92b47b58-4e40-6a1b-b486-411ac2cddf23
KXATPMATCH-25NOV08DJOMUS-DJO,2025-11-08T18:00:28.60261Z,0.79,335,yes,c57bf409-5110-4173-df6f-d81b5bdc810b
KXATPMATCH-25NOV08DJOMUS-DJO,2025-11-08T18:00:28.021783Z,0.77,100,no,dc6814d5-45d8-74ec-b393-8603c586bf67
KXATPMATCH-25NOV08DJOMUS-DJO,2025-11-08T18:00:28.021783Z,0.77,22,no,51f19e65-4e20-7fd2-8a3d-7cb17353cf94
KXATPMATCH-25NOV08DJOMUS-DJO,2025-11-08T18:00:27.194225Z,0.78,268,yes,d0927e86-0887-701f-d7e7-a94d4a602ae4
KXATPMATCH-25NOV08DJOMUS-DJO,2025-11-08T18:00:27.194225Z,0.78,79,yes,5bcda988-666c-7db4-da4d-2fb40fb21d1a
KXATPMATCH-25NOV08DJOMUS-DJO,2025-11-08T18:00:25.591303Z,0.78,199,yes,e4cf6835-e450-53d4-0440-a66c701bb2c1
KXATPMATCH-25NOV08DJOMUS-DJO,2025-11-08T18:00:25.591303Z,0.77,11,yes,a902943c-13bd-54a8-177a-20c35134e2ba
KXATPMATCH-25NOV08DJOMUS-DJO,2025-11-08T18:00:25.591303Z,0.79,587,yes,5aaa4bdf-fdf2-5ba6-0e55-58670245119f
KXATPMATCH-25NOV08DJOMUS-DJO,2025-11-08T18:00:25.591303Z,0.78,583,yes,2d87d945-97cb-5c12-1812-ba554cc3cc6f
KXATPMATCH-25NOV08DJOMUS-DJO,2025-11-08T18:00:25.591303Z,0.78,200,yes,188dd741-f029-548b-1999-4bf2ea757390
KXATPMATCH-25NOV08DJOMUS-DJO,2025-11-08T18:00:25.591303Z,0.78,39,yes,166c4f05-b8f8-5c47-2961-4ae41c97dab0
KXATPMATCH-25NOV08DJOMUS-DJO,2025-11-08T18:00:25.591303Z,0.78,200,yes,06800cde-cc1f-5b0b-1984-db96723cb3fc
KXATPMATCH-25NOV08DJOMUS-DJO,2025-11-08T18:00:23.037677Z,0.75,109,no,99a39447-03ab-7ee1-1006-f0cd1c80f7cc
KXATPMATCH-25NOV08DJOMUS-DJO,2025-11-08T18:00:20.375144Z,0.77,95,yes,8be82662-082d-6f3c-e522-3e98e8153bfa
KXATPMATCH-25NOV08DJOMUS-DJO,2025-11-08T18:00:18.924906Z,0.77,200,yes,36b5ebb4-191d-7290-3709-595ca3a122fe
KXATPMATCH-25NOV08DJOMUS-DJO,2025-11-08T18:00:18.860798Z,0.77,349,no,efa57d7b-cc2b-5c35-8ce0-93de6191f4e6
KXATPMATCH-25NOV08DJOMUS-DJO,2025-11-08T18:00:18.838473Z,0.67,40,yes,f75553e4-6858-5948-5fb7-e52cec0d915a
KXATPMATCH-25NOV08DJOMUS-DJO,2025-11-08T18:00:18.838473Z,0.67,500,yes,e54ad531-49a1-5be5-5b51-362b5d7a4f4b
KXATPMATCH-25NOV08DJOMUS-DJO,2025-11-08T18:00:18.838473Z,0.72,200,yes,d05681f1-ea4b-5c28-6842-8aedc5023d31
KXATPMATCH-25NOV08DJOMUS-DJO,2025-11-08T18:00:18.838473Z,0.69,3,yes,c6ab8386-4a05-5f33-496b-835171333c6e
KXATPMATCH-25NOV08DJOMUS-DJO,2025-11-08T18:00:18.838473Z,0.7,10,yes,90ebb9ea-0d25-5156-6e96-d1b94848ea3f
KXATPMATCH-25NOV08DJOMUS-DJO,2025-11-08T18:00:18.838473Z,0.73,1,yes,8e3ca353-8239-5b6d-56aa-04ef8c002304
KXATPMATCH-25NOV08DJOMUS-DJO,2025-11-08T18:00:18.838473Z,0.76,97,yes,80ae6ed2-2b07-52da-7896-1f02c1567d16
KXATPMATCH-25NOV08DJOMUS-DJO,2025-11-08T18:00:17.453903Z,0.67,60,yes,24bbdd91-3375-7d1d-13d6-ab87a3ccb88f
KXATPMATCH-25NOV08DJOMUS-DJO,2025-11-08T18:00:15.334459Z,0.66,3,no,97e064f4-dcb9-5278-b1fb-50d7a334a0f9
KXATPMATCH-25NOV08DJOMUS-DJO,2025-11-08T18:00:14.349745Z,0.67,7,yes,76648e80-ddf5-6bad-59b3-43dd70297bf7
KXATPMATCH-25NOV08DJOMUS-DJO,2025-11-08T18:00:09.833156Z,0.66,5,no,70b95f9c-5e6d-6a20-f05c-eef570542c99
KXATPMATCH-25NOV08DJOMUS-DJO,2025-11-08T18:00:09.571852Z,0.67,145,yes,833a3d59-aa25-7015-60a7-bb0849ae99b3
KXATPMATCH-25NOV08DJOMUS-DJO,2025-11-08T18:00:08.070219Z,0.66,8,yes,6282ae8f-4386-41ce-b374-7e0fabc5d548
KXATPMATCH-25NOV08DJOMUS-DJO,2025-11-08T18:00:05.08555Z,0.66,91,yes,e742b93c-fb46-73c2-c708-26e0d8f3b4d0
KXATPMATCH-25NOV08DJOMUS-DJO,2025-11-08T18:00:05.08555Z,0.66,60,yes,aea3f47c-6bdb-7df7-c6f0-129c292b19fe
KXATPMATCH-25NOV08DJOMUS-DJO,2025-11-08T18:00:03.700901Z,0.66,40,yes,e4baf858-74cb-6b6b-56e9-64cda8b81996
KXATPMATCH-25NOV08DJOMUS-DJO,2025-11-08T18:00:03.700901Z,0.65,102,yes,36708b1e-1d3b-6956-4658-ce99cdba26f8
KXATPMATCH-25NOV08DJOMUS-DJO,2025-11-08T17:59:57.694744Z,0.64,279,yes,9152eb25-2b58-6b49-cc97-8044d9c7b662
KXATPMATCH-25NOV08DJOMUS-DJO,2025-11-08T17:59:57.694744Z,0.64,84,yes,841bc17d-03f5-618b-e008-466980cb163a
KXATPMATCH-25NOV08DJOMUS-DJO,2025-11-08T17:59:57.16402Z,0.64,35,yes,b72d4a2d-ff76-4bd5-74ab-209987dbd6d2
KXATPMATCH-25NOV08DJOMUS-DJO,2025-11-08T17:59:57.16402Z,0.64,200,yes,7a816096-e297-4e1d-711b-0c0f2d195c41
KXATPMATCH-25NOV08DJOMUS-DJO,2025-11-08T17:59:57.16402Z,0.64,71,yes,3db6b032-d7a7-4537-6bc0-c17f6226f0bc
KXATPMATCH-25NOV08DJOMUS-DJO,2025-11-08T17:59:57.16402Z,0.64,279,yes,2d671f23-bd1c-4a48-6a05-24113ba87f96
KXATPMATCH-25NOV08DJOMUS-DJO,2025-11-08T17:59:51.622259Z,0.63,5,yes,dc5cc22b-ebb5-7810-b01c-0aba2354685a
KXATPMATCH-25NOV08DJOMUS-DJO,2025-11-08T17:59:51.622259Z,0.64,71,yes,10b0cb84-c6b8-782c-b436-82b50eaf77d6
KXATPMATCH-25NOV08DJOMUS-DJO,2025-11-08T17:59:50.95443Z,0.62,78,no,50dab5ee-90ed-5202-4fa8-b13a6bac704c
KXATPMATCH-25NOV08DJOMUS-DJO,2025-11-08T17:59:45.310019Z,0.62,200,yes,dd5e8ae3-0166-4a6e-e240-1b91638c17ae
KXATPMATCH-25NOV08DJOMUS-DJO,2025-11-08T17:59:43.974757Z,0.58,100,yes,98b4b5d2-c07e-4ed9-6398-a397af6f3ffd
KXATPMATCH-25NOV08DJOMUS-DJO,2025-11-08T17:59:43.860209Z,0.56,100,yes,058f4d1c-ac89-63e1-e891-bb0c26a880f2
KXATPMATCH-25NOV08DJOMUS-DJO,2025-11-08T17:59:43.639248Z,0.62,5,yes,d7231483-0ef7-77cf-b240-095af7f4e316
KXATPMATCH-25NOV08DJOMUS-DJO,2025-11-08T17:59:43.639248Z,0.63,195,yes,1c3a2809-6430-7080-84b0-62efeea83651
KXATPMATCH-25NOV08DJOMUS-DJO,2025-11-08T17:59:43.605086Z,0.58,100,yes,2f6fea7e-9d63-6f8b-8ef4-50b76c9bc448
KXATPMATCH-25NOV08DJOMUS-DJO,2025-11-08T17:59:43.605086Z,0.56,100,yes,25447e6f-5175-6c8b-85d0-5f298a0a2c6d
KXATPMATCH-25NOV08DJOMUS-DJO,2025-11-08T17:59:43.586544Z,0.59,200,yes,b0d2540f-4574-57a4-0e21-9fb0129a35f2
KXATPMATCH-25NOV08DJOMUS-DJO,2025-11-08T17:59:43.586544Z,0.58,122,yes,24c9d696-7880-587e-2355-62f2b95a9bc3
KXATPMATCH-25NOV08DJOMUS-DJO,2025-11-08T17:59:43.586544Z,0.58,200,yes,0cc6e9a3-c11a-54bf-1598-7c015fb05415
KXATPMATCH-25NOV08DJOMUS-DJO,2025-11-08T17:59:37.028675Z,0.56,72,yes,83e1c9fe-9697-6c82-0450-6f597a405150
KXATPMATCH-25NOV08DJOMUS-DJO,2025-11-08T17:59:35.049796Z,0.55,16,yes,efa84c0c-8305-5691-1dff-babc6da27c61
KXATPMATCH-25NOV08DJOMUS-DJO,2025-11-08T17:59:34.776627Z,0.55,1,yes,f3f7028d-abc6-73ff-6cff-69117a0906d8
KXATPMATCH-25NOV08DJOMUS-DJO,2025-11-08T17:59:25.496444Z,0.56,10,yes,3b453844-561f-4ee9-bce2-32ac7684e222
KXATPMATCH-25NOV08DJOMUS-DJO,2025-11-08T17:59:21.123215Z,0.55,400,yes,54a18ee5-8421-526c-b903-56aaa5bd9b09
KXATPMATCH-25NOV08DJOMUS-DJO,2025-11-08T17:59:20.457436Z,0.55,40,yes,856c1b9b-dde9-5b48-6f72-69d18ce02681
KXATPMATCH-25NOV08DJOMUS-DJO,2025-11-08T17:59:18.806771Z,0.55,14,yes,1eac9fcf-fd3d-5db8-93ad-4b821bd35d81
KXATPMATCH-25NOV08DJOMUS-DJO,2025-11-08T17:59:17.466419Z,0.55,44,yes,0d3120a2-bf7d-501c-02a0-14692b9ce8cd
KXATPMATCH-25NOV08DJOMUS-DJO,2025-11-08T17:59:17.388767Z,0.55,88,yes,3e347b4e-8fb1-7f5c-7543-1f1f73e31779
KXATPMATCH-25NOV08DJOMUS-DJO,2025-11-08T17:59:15.186052Z,0.55,100,yes,56a9385c-53ed-70f4-bcf5-38b357913489
KXATPMATCH-25NOV08DJOMUS-DJO,2025-11-08T17:59:14.661146Z,0.55,139,yes,3c45ffa8-ab15-4bdc-5edc-5584829359bd
KXATPMATCH-25NOV08DJOMUS-DJO,2025-11-08T17:59:14.509895Z,0.55,1000,yes,fac32259-c9bb-77bf-e46d-b0ae1544510b
KXATPMATCH-25NOV08DJOMUS-DJO,2025-11-08T17:59:14.509895Z,0.55,7,yes,1cb31dab-bb51-71bc-f2a3-b17767733679
KXATPMATCH-25NOV08DJOMUS-DJO,2025-11-08T17:59:14.509895Z,0.55,50,yes,01f90825-5839-736f-f0e1-0fb54b57e7cd
KXATPMATCH-25NOV08DJOMUS-DJO,2025-11-08T17:59:05.920412Z,0.57,100,no,edb673c9-f8a8-4402-eca3-cf5f14ff219a
KXATPMATCH-25NOV08DJOMUS-DJO,2025-11-08T17:59:05.920412Z,0.52,37,no,867dddf3-b085-4e2a-e550-009ba023d0a0
KXATPMATCH-25NOV08DJOMUS-DJO,2025-11-08T17:59:05.920412Z,0.57,61,no,6e5fda69-832e-461a-c2ed-2e8a84720cf1
KXATPMATCH-25NOV08DJOMUS-DJO,2025-11-08T17:59:05.920412Z,0.52,2,no,16f29728-71c3-4def-cc19-215ac6dab243
KXATPMATCH-25NOV08DJOMUS-DJO,2025-11-08T17:59:05.828329Z,0.58,100,no,01e68f72-fb18-7b17-b26c-0ed51c640ad1
KXATPMATCH-25NOV08DJOMUS-DJO,2025-11-08T17:59:05.797306Z,0.62,100,no,ea0a30dc-f2e0-42df-9647-a702c798f118
KXATPMATCH-25NOV08DJOMUS-DJO,2025-11-08T17:59:05.797306Z,0.6,200,no,e91535f8-9815-4649-91da-de95ee03ab67
KXATPMATCH-25NOV08DJOMUS-DJO,2025-11-08T17:59:05.797306Z,0.63,100,no,97153923-8de9-4169-8c32-c85b8852e8c5
KXATPMATCH-25NOV08DJOMUS-DJO,2025-11-08T17:59:05.797306Z,0.6,350,no,76d1fd79-97ac-418a-996b-040c2dd38367
KXATPMATCH-25NOV08DJOMUS-DJO,2025-11-08T17:59:05.797306Z,0.61,100,no,01c1fb14-f606-4309-865b-566e9d7be2ac
KXATPMATCH-25NOV08DJOMUS-DJO,2025-11-08T17:59:05.403145Z,0.63,150,no,7fc26a7d-9ae7-54e2-458c-6ef8f87ea6e7
KXATPMATCH-25NOV08DJOMUS-DJO,2025-11-08T17:59:05.403145Z,0.63,50,no,138694bd-a160-5441-6d14-ad8d12d956d3
KXATPMATCH-25NOV08DJOMUS-DJO,2025-11-08T17:58:58.448635Z,0.64,122,yes,b85e8717-a582-71cb-27f8-da524cd62b43
KXATPMATCH-25NOV08DJOMUS-DJO,2025-11-08T17:58:58.098321Z,0.64,52,yes,8c537ee9-deba-44f3-a9b5-5a0df12d4127
KXATPMATCH-25NOV08DJOMUS-DJO,2025-11-08T17:58:58.098321Z,0.64,100,yes,11981693-5a00-40e5-8f25-5476059ac228
KXATPMATCH-25NOV08DJOMUS-DJO,2025-11-08T17:58:50.410868Z,0.64,228,yes,f747b1e7-5f20-489f-b9ae-321c34490c49
KXATPMATCH-25NOV08DJOMUS-DJO,2025-11-08T17:58:49.275185Z,0.64,228,yes,0717dc1d-d230-49bf-facd-deffa20f3c25
KXATPMATCH-25NOV08DJOMUS-DJO,2025-11-08T17:58:46.923066Z,0.62,50,yes,edf1e251-6c85-7f6d-8fa1-26dcdc33232d
KXATPMATCH-25NOV08DJOMUS-DJO,2025-11-08T17:58:46.889178Z,0.62,933,yes,06b7ef99-4cc1-7a4f-8977-f048c41b10b6
KXATPMATCH-25NOV08DJOMUS-DJO,2025-11-08T17:58:46.449905Z,0.62,86,yes,ac9d0958-43a1-6e07-c5d0-fc15403a09fa
KXATPMATCH-25NOV08DJOMUS-DJO,2025-11-08T17:58:45.765082Z,0.62,25,yes,3ecf7267-95bd-54b3-9e75-cc6fcd3ab74a
KXATPMATCH-25NOV08DJOMUS-DJO,2025-11-08T17:58:40.988059Z,0.62,78,yes,e5633106-6829-56a9-8e15-64f2bf570c35
KXATPMATCH-25NOV08DJOMUS-DJO,2025-11-08T17:58:38.747748Z,0.62,157,yes,24d4ab2a-53a1-5fa5-a590-e1d1f88903c5
KXATPMATCH-25NOV08DJOMUS-DJO,2025-11-08T17:58:36.945733Z,0.61,100,yes,6093f30c-9355-4b8b-e11b-05d52a4adb2d
KXATPMATCH-25NOV08DJOMUS-DJO,2025-11-08T17:58:34.986402Z,0.61,47,yes,b8d39feb-87e4-5480-734e-8046aa1492cd
KXATPMATCH-25NOV08DJOMUS-DJO,2025-11-08T17:58:34.228183Z,0.61,15,yes,0f64b240-95c4-4610-3f7e-c1a587ade5bd
KXATPMATCH-25NOV08DJOMUS-DJO,2025-11-08T17:58:32.646352Z,0.61,50,yes,853f4bef-3fe2-5299-329e-c40c497cfd8b
KXATPMATCH-25NOV08DJOMUS-DJO,2025-11-08T17:58:32.646352Z,0.61,29,yes,25e9ce91-5b2c-51dc-27b1-caa0caa89571
KXATPMATCH-25NOV08DJOMUS-DJO,2025-11-08T17:58:30.30978Z,0.61,160,yes,80b02114-33ba-5989-c329-e09eaacf3429
KXATPMATCH-25NOV08DJOMUS-DJO,2025-11-08T17:58:28.305531Z,0.6,200,yes,5ce6fc22-8547-5829-c09c-64305bca63f0
KXATPMATCH-25NOV08DJOMUS-DJO,2025-11-08T17:58:25.919179Z,0.6,16,yes,4a4005df-a8ac-5f22-1a76-23defc2e7f51
KXATPMATCH-25NOV08DJOMUS-DJO,2025-11-08T17:58:24.289763Z,0.6,6,yes,2a34ee83-61e0-4792-963d-25785939a15d
KXATPMATCH-25NOV08DJOMUS-DJO,2025-11-08T17:58:22.575947Z,0.6,16,yes,e88ff09a-0c1a-5599-6d43-917c57c0171c
KXATPMATCH-25NOV08DJOMUS-DJO,2025-11-08T17:58:22.466925Z,0.58,320,no,ec332c66-49bb-6d59-d01f-c6acfe74a56b
KXATPMATCH-25NOV08DJOMUS-DJO,2025-11-08T17:58:22.466925Z,0.59,755,no,c3873db9-4188-6fa7-c8bd-e61f7b091fb0
KXATPMATCH-25NOV08DJOMUS-DJO,2025-11-08T17:58:22.466925Z,0.58,815,no,a73d20b4-5add-628c-fcc1-948bba6b8822
KXATPMATCH-25NOV08DJOMUS-DJO,2025-11-08T17:58:22.466925Z,0.59,815,no,436f2d17-0e94-624c-f2aa-764949ba18ce
KXATPMATCH-25NOV08DJOMUS-DJO,2025-11-08T17:58:21.382563Z,0.6,34,yes,8ad671cd-2bb6-4891-c60b-12ba7dd25588
KXATPMATCH-25NOV08DJOMUS-DJO,2025-11-08T17:58:19.690679Z,0.6,129,yes,641f4f1c-3926-5ce1-6b93-ca50cd72c534
KXATPMATCH-25NOV08DJOMUS-DJO,2025-11-08T17:58:15.105597Z,0.59,228,yes,a1cefe3c-0876-42ce-c5b7-94cb216624b7
KXATPMATCH-25NOV08DJOMUS-DJO,2025-11-08T17:58:15.105597Z,0.59,97,yes,81419ac5-0959-4247-fe4f-efbe8d51d909
KXATPMATCH-25NOV08DJOMUS-DJO,2025-11-08T17:58:11.105752Z,0.56,76,yes,8b1bc598-4f6d-7402-1ccd-d569bcb1430c
KXATPMATCH-25NOV08DJOMUS-DJO,2025-11-08T17:58:11.105752Z,0.54,50,yes,6fbec0f5-37b4-79b2-08b5-1e0f1ee811c5
KXATPMATCH-25NOV08DJOMUS-DJO,2025-11-08T17:58:08.737303Z,0.54,179,yes,eca31c42-c1b7-512e-5974-134d56879f3c
KXATPMATCH-25NOV08DJOMUS-DJO,2025-11-08T17:58:05.093889Z,0.54,3,yes,437d4289-0dcb-4daa-ca9e-b3476806a8b0
KXATPMATCH-25NOV08DJOMUS-DJO,2025-11-08T17:58:04.419586Z,0.54,89,yes,57135bf4-4ba3-42ba-4fe2-96d655a495c4
KXATPMATCH-25NOV08DJOMUS-DJO,2025-11-08T17:58:03.930347Z,0.54,30,yes,39fcaaeb-83a3-69de-d189-f326078927a0
KXATPMATCH-25NOV08DJOMUS-DJO,2025-11-08T17:57:59.584338Z,0.54,179,yes,a8818038-f32f-7eae-6b1b-f10b7605368c
KXATPMATCH-25NOV08DJOMUS-DJO,2025-11-08T17:57:58.813887Z,0.54,10,yes,0234af8f-c32b-628a-4777-6c10fe280c74
KXATPMATCH-25NOV08DJOMUS-DJO,2025-11-08T17:57:55.842366Z,0.54,28,yes,f5822b1f-d46f-7ee6-f503-1c085c7800f4
KXATPMATCH-25NOV08DJOMUS-DJO,2025-11-08T17:57:55.148235Z,0.54,17,yes,29d8497b-5e9f-6796-df22-0b85ac65cbdc
KXATPMATCH-25NOV08DJOMUS-DJO,2025-11-08T17:57:54.779534Z,0.55,17,yes,4550275e-e847-6ff5-161f-dd15ac6f1fe1
KXATPMATCH-25NOV08DJOMUS-DJO,2025-11-08T17:57:54.445961Z,0.55,44,yes,6e429470-0d1f-7f9d-df76-a43faa4c51a5
KXATPMATCH-25NOV08DJOMUS-DJO,2025-11-08T17:57:50.409235Z,0.57,258,yes,f9012049-578e-768b-e4d2-4b8f99ffc639
KXATPMATCH-25NOV08DJOMUS-DJO,2025-11-08T17:57:50.409235Z,0.56,742,yes,30a3e915-c176-7430-f9ad-167a5447cc41
KXATPMATCH-25NOV08DJOMUS-DJO,2025-11-08T17:57:41.607754Z,0.52,27,yes,a1dac0bf-59ea-43dc-4590-87df63cd89e4
KXATPMATCH-25NOV08DJOMUS-DJO,2025-11-08T17:57:41.607754Z,0.53,124,yes,9543e7aa-4a58-44ca-6961-bafe20e02ecc
KXATPMATCH-25NOV08DJOMUS-DJO,2025-11-08T17:57:41.607754Z,0.52,73,yes,475d2537-a672-4707-787c-79eb0dcac041
KXATPMATCH-25NOV08DJOMUS-DJO,2025-11-08T17:57:41.017673Z,0.52,27,yes,b4ee2919-77b6-759b-280c-801b13b2e5e9
KXATPMATCH-25NOV08DJOMUS-DJO,2025-11-08T17:57:38.775707Z,0.53,219,yes,1db2758a-b1f4-7178-9dc4-9e310f038819
KXATPMATCH-25NOV08DJOMUS-DJO,2025-11-08T17:57:37.089296Z,0.53,109,yes,51922b97-db8c-40e4-762f-617752d09301
KXATPMATCH-25NOV08DJOMUS-DJO,2025-11-08T17:57:34.598249Z,0.53,1,yes,12d6e540-4e04-50b0-ddaf-070445f0bdd1
KXATPMATCH-25NOV08DJOMUS-DJO,2025-11-08T17:57:31.964515Z,0.53,54,yes,5c070e5b-4b7c-5250-9aa2-2348ad018869
KXATPMATCH-25NOV08DJOMUS-DJO,2025-11-08T17:57:30.767316Z,0.53,182,yes,60661e12-ce88-5588-37aa-3632cf8fc92d
KXATPMATCH-25NOV08DJOMUS-DJO,2025-11-08T17:57:30.324835Z,0.54,98,yes,1ebdde88-8e96-6da6-266a-a11fc256a753
KXATPMATCH-25NOV08DJOMUS-DJO,2025-11-08T17:57:30.192182Z,0.52,50,no,fa5adcf7-7987-64cb-7347-54ec720a96b0
KXATPMATCH-25NOV08DJOMUS-DJO,2025-11-08T17:57:30.192182Z,0.52,1000,no,ba8a337d-e7de-6cf3-5aa5-08acdbc77a48
KXATPMATCH-25NOV08DJOMUS-DJO,2025-11-08T17:57:30.192182Z,0.52,1575,no,0bcf79bd-db2e-6af4-4647-4ea5f6e3b533
KXATPMATCH-25NOV08DJOMUS-DJO,2025-11-08T17:57:30.192182Z,0.53,200,no,0030a6bd-7013-6647-66ee-f0e4eb740cf5
KXATPMATCH-25NOV08DJOMUS-DJO,2025-11-08T17:57:24.488783Z,0.52,4,no,c4abaabb-7b32-65b8-ab65-1d525ba9dc6f
KXATPMATCH-25NOV08DJOMUS-DJO,2025-11-08T17:57:22.005668Z,0.53,100,no,8936fab3-49f3-6c2a-1a89-9f9ec78ba210
KXATPMATCH-25NOV08DJOMUS-DJO,2025-11-08T17:57:20.384708Z,0.54,17,yes,a25aff51-fde2-412a-368c-bf2cad80eedb
KXATPMATCH-25NOV08DJOMUS-DJO,2025-11-08T17:57:20.198361Z,0.53,100,yes,3fd66f60-9ab3-647b-5743-4ecf7981fbdc
KXATPMATCH-25NOV08DJOMUS-DJO,2025-11-08T17:57:19.758638Z,0.53,1000,no,d9c8221b-10c8-7e0c-233b-0e0c95a20109
KXATPMATCH-25NOV08DJOMUS-DJO,2025-11-08T17:57:19.758638Z,0.54,1579,no,cd6f437f-cfba-7a91-139a-2b4fbf8c20b2
KXATPMATCH-25NOV08DJOMUS-DJO,2025-11-08T17:57:19.758638Z,0.52,21,no,c268579e-556a-7751-2055-9857ac6af371
KXATPMATCH-25NOV08DJOMUS-DJO,2025-11-08T17:57:19.758638Z,0.52,1579,no,40f573d5-bb7e-7c25-1297-4777ab013bdc
KXATPMATCH-25NOV08DJOMUS-DJO,2025-11-08T17:57:19.758638Z,0.53,1579,no,1258334f-8698-7376-336d-80f9a8f7975c
KXATPMATCH-25NOV08DJOMUS-DJO,2025-11-08T17:57:19.292349Z,0.55,176,yes,f1b06e8c-eed7-729a-177a-77f6b8f1dbcb
KXATPMATCH-25NOV08DJOMUS-DJO,2025-11-08T17:57:18.399711Z,0.55,35,yes,9bfca8ad-c513-79c2-760e-9a194c31358b
KXATPMATCH-25NOV08DJOMUS-DJO,2025-11-08T17:57:11.220327Z,0.61,68,yes,64e8aea7-da0c-7cd9-bc38-3e01ea20e980
KXATPMATCH-25NOV08DJOMUS-DJO,2025-11-08T17:57:11.112646Z,0.61,200,yes,c3fede69-6436-6cfd-0378-2ff0d4d99952
KXATPMATCH-25NOV08DJOMUS-DJO,2025-11-08T17:57:10.569217Z,0.58,16,yes,48ca3adf-6003-42c3-aabb-6ae4a4d7bbe3
KXATPMATCH-25NOV08DJOMUS-DJO,2025-11-08T17:57:09.26725Z,0.6,150,no,c6ef69d2-7796-567f-97b4-5c6aa86b6bcc
KXATPMATCH-25NOV08DJOMUS-DJO,2025-11-08T17:57:09.26725Z,0.57,200,no,7be2e48f-9b80-5bd5-9313-4fbf8b08f89d
KXATPMATCH-25NOV08DJOMUS-DJO,2025-11-08T17:57:08.396205Z,0.61,33,yes,7243e2e0-fa77-5880-5f62-a902fa90bc7c
KXATPMATCH-25NOV08DJOMUS-DJO,2025-11-08T17:57:07.356999Z,0.61,78,yes,99052379-abdf-4b14-ac01-768307b77a48
KXATPMATCH-25NOV08DJOMUS-DJO,2025-11-08T17:57:02.519454Z,0.62,4,yes,bdace6e2-c4ad-643d-fa64-6f6b3ed4e7e0
KXATPMATCH-25NOV08DJOMUS-DJO,2025-11-08T17:57:01.977466Z,0.62,35,no,bd45809a-9877-6a45-1840-503453b6abc1
KXATPMATCH-25NOV08DJOMUS-DJO,2025-11-08T17:57:00.76371Z,0.62,399,yes,45425531-37b9-48a7-773f-ee3c800661f3
KXATPMATCH-25NOV08DJOMUS-DJO,2025-11-08T17:57:00.009322Z,0.78,5,yes,28b1b71a-0f60-63ff-f14d-ea11be748fbc
KXATPMATCH-25NOV08DJOMUS-DJO,2025-11-08T17:56:59.903269Z,0.73,5,yes,ed559197-e6e1-42d4-c365-63a1f4001ee6
KXATPMATCH-25NOV08DJOMUS-DJO,2025-11-08T17:56:59.903269Z,0.79,599,yes,2b26c2f5-7e25-46bb-e8a7-b0042d160738
KXATPMATCH-25NOV08DJOMUS-DJO,2025-11-08T17:56:59.903269Z,0.79,396,yes,10099dd2-7a04-4ec9-d06f-d832c0b71c0c
KXATPMATCH-25NOV08DJOMUS-DJO,2025-11-08T17:56:59.260904Z,0.62,200,no,a25e52df-20bc-7003-3936-df8772353d0f
KXATPMATCH-25NOV08DJOMUS-DJO,2025-11-08T17:56:59.260904Z,0.64,319,no,262a20d9-a48c-786f-0e34-22c51d36e3df
KXATPMATCH-25NOV08DJOMUS-DJO,2025-11-08T17:56:59.16848Z,0.64,100,no,15d776a8-e4a4-4d67-fdad-3c1bfb7f7997
KXATPMATCH-25NOV08DJOMUS-DJO,2025-11-08T17:56:58.921474Z,0.69,88,no,5ce1610a-1c44-7949-c8a9-60f0b96938e9
KXATPMATCH-25NOV08DJOMUS-DJO,2025-11-08T17:56:58.89344Z,0.77,100,no,1812760c-980c-4e3b-f47d-a3a20f200cb4
KXATPMATCH-25NOV08DJOMUS-DJO,2025-11-08T17:56:49.744039Z,0.81,114,yes,a46ccbb0-d18f-59e8-25b6-90d6b0ade7ed
KXATPMATCH-25NOV08DJOMUS-DJO,2025-11-08T17:56:49.244795Z,0.8,9,yes,00b59240-e038-4c8c-b111-8a50583b2a40
KXATPMATCH-25NOV08DJOMUS-DJO,2025-11-08T17:56:46.463865Z,0.69,105,no,d9c31b56-9dd6-41e0-2f3b-8b0296f6bc32
KXATPMATCH-25NOV08DJOMUS-DJO,2025-11-08T17:56:46.463865Z,0.69,24,no,bc3ab421-ca70-436e-3b97-1c5c2d9af01c
KXATPMATCH-25NOV08DJOMUS-DJO,2025-11-08T17:56:46.463865Z,0.74,50,no,0d905794-c40f-4a5a-0c5f-1b712bfb1109
KXATPMATCH-25NOV08DJOMUS-DJO,2025-11-08T17:56:44.94047Z,0.8,1,yes,c451ee84-64dc-7424-67e3-ee61979f3e5c
KXATPMATCH-25NOV08DJOMUS-DJO,2025-11-08T17:56:44.071604Z,0.78,37,yes,91aacd8c-932b-6c31-b6cb-365d38bcbfe1
KXATPMATCH-25NOV08DJOMUS-DJO,2025-11-08T17:56:44.071604Z,0.77,48,yes,1029c71e-6770-64e0-97a8-63e0332db32c
KXATPMATCH-25NOV08DJOMUS-DJO,2025-11-08T17:56:43.84047Z,0.77,2,yes,2164fd07-111c-4810-5e52-9e3e5384c7c8
KXATPMATCH-25NOV08DJOMUS-DJO,2025-11-08T17:56:36.447357Z,0.74,193,no,f1745091-8fb4-7c10-c8f7-535793f04ff9
KXATPMATCH-25NOV08DJOMUS-DJO,2025-11-08T17:56:28.009887Z,0.75,7,yes,8e5ee560-484d-7f8a-706f-7582b1f7b8e5
KXATPMATCH-25NOV08DJOMUS-DJO,2025-11-08T17:56:25.619474Z,0.74,230,no,7f86aa2f-6dd7-6804-36e2-1261fa47e0b8
KXATPMATCH-25NOV08DJOMUS-DJO,2025-11-08T17:56:20.26471Z,0.75,157,no,fb0e8aaa-5175-5e6d-5044-9e27be0f445b
KXATPMATCH-25NOV08DJOMUS-DJO,2025-11-08T17:56:20.26471Z,0.75,100,no,2ac4c51a-08cd-50d5-79fe-eae1400fac51
KXATPMATCH-25NOV08DJOMUS-DJO,2025-11-08T17:56:18.37685Z,0.74,76,yes,1abe974a-96c3-5aa9-23cc-540e07f8de63
KXATPMATCH-25NOV08DJOMUS-DJO,2025-11-08T17:56:17.162012Z,0.72,50,yes,62c36db5-69d3-5b2d-51a7-26587fa80598
KXATPMATCH-25NOV08DJOMUS-DJO,2025-11-08T17:56:15.395899Z,0.73,24,yes,1e98ed14-ff93-57f1-c0e1-e4a55cd86837
KXATPMATCH-25NOV08DJOMUS-DJO,2025-11-08T17:56:15.31081Z,0.66,686,yes,c7f05c8d-bc4b-5140-8cd1-4cdc5bbc15f4
KXATPMATCH-25NOV08DJOMUS-DJO,2025-11-08T17:56:15.077096Z,0.66,26,yes,a14e94f4-67c3-6328-289e-1fb275d9d1fc
KXATPMATCH-25NOV08DJOMUS-DJO,2025-11-08T17:56:12.497189Z,0.66,404,yes,017b87ef-d613-53a4-3972-9763c62f5170
KXATPMATCH-25NOV08DJOMUS-DJO,2025-11-08T17:56:11.233822Z,0.64,81,no,8c6c91e8-05f8-629f-b45e-3df4e1ac4d47
KXATPMATCH-25NOV08DJOMUS-DJO,2025-11-08T17:56:10.057105Z,0.66,739,yes,e763dddb-bfeb-66ac-c1cb-450414497bdc
KXATPMATCH-25NOV08DJOMUS-DJO,2025-11-08T17:56:03.259424Z,0.66,145,yes,4554867e-f3af-6fec-7bcf-5e61f277b524
KXATPMATCH-25NOV08DJOMUS-DJO,2025-11-08T17:56:01.949875Z,0.64,2,no,aab64b1f-60a7-7320-c543-ffa6a2f42f0f
KXATPMATCH-25NOV08DJOMUS-DJO,2025-11-08T17:56:01.949875Z,0.62,75,no,2a51b000-4cee-7436-fe63-6b38d569be80
KXATPMATCH-25NOV08DJOMUS-DJO,2025-11-08T17:56:01.949875Z,0.62,50,no,0c880fd2-9d63-7202-cbd8-bc19637a1714
KXATPMATCH-25NOV08DJOMUS-DJO,2025-11-08T17:55:56.91196Z,0.67,7,yes,12c47c5c-0c47-6580-2017-0424893b3b41
KXATPMATCH-25NOV08DJOMUS-DJO,2025-11-08T17:55:54.80992Z,0.65,1361,no,8f51ea4a-1da9-5521-6cbd-c9b1303c5a96
KXATPMATCH-25NOV08DJOMUS-DJO,2025-11-08T17:55:51.486189Z,0.66,10,yes,98accb17-f94c-690d-f75f-9df9184f9ba3
KXATPMATCH-25NOV08DJOMUS-DJO,2025-11-08T17:55:46.923399Z,0.65,419,no,6f9cfec3-0a23-613b-ed97-9d280311de45
KXATPMATCH-25NOV08DJOMUS-DJO,2025-11-08T17:55:46.33585Z,0.66,1579,no,b9f46fa4-1d4c-518f-6679-48f16fba2800
KXATPMATCH-25NOV08DJOMUS-DJO,2025-11-08T17:55:46.33585Z,0.66,50,no,18f86fab-d830-5442-6f39-95920505c126
KXATPMATCH-25NOV08DJOMUS-DJO,2025-11-08T17:55:42.154616Z,0.66,1000,no,f4e6c04d-4d8a-6294-7a5c-9e2caa18d7f5
KXATPMATCH-25NOV08DJOMUS-DJO,2025-11-08T17:55:42.154616Z,0.67,1579,no,be0ce5da-8f94-6b4c-5e09-895e5058f9fe
KXATPMATCH-25NOV08DJOMUS-DJO,2025-11-08T17:55:42.154616Z,0.66,1579,no,ba0610f6-8f4c-6e11-4517-a062539bb4c6
KXATPMATCH-25NOV08DJOMUS-DJO,2025-11-08T17:55:42.154616Z,0.66,557,no,6853b3ae-17c3-6161-5a2e-eec2eb5c0818
KXATPMATCH-25NOV08DJOMUS-DJO,2025-11-08T17:55:40.466323Z,0.68,12,yes,1ec23145-5187-460d-7d8f-f13da8b8e524
KXATPMATCH-25NOV08DJOMUS-DJO,2025-11-08T17:55:37.880051Z,0.66,127,no,0af369a4-c0e7-4a39-1cd4-bc049c436ae8
KXATPMATCH-25NOV08DJOMUS-DJO,2025-11-08T17:55:36.415551Z,0.67,145,yes,3354379a-9bc8-7028-cd3b-58b8328a0693
KXATPMATCH-25NOV08DJOMUS-DJO,2025-11-08T17:55:33.157718Z,0.68,56,yes,5d09043e-011d-4641-4d76-dcdcced5396d
KXATPMATCH-25NOV08DJOMUS-DJO,2025-11-08T17:55:31.662523Z,0.64,99,no,fbed2688-893b-4053-8d80-b6be5d3b8af3
KXATPMATCH-25NOV08DJOMUS-DJO,2025-11-08T17:55:31.662523Z,0.7,1,no,00e8195f-c50d-4414-a076-0bcf255c5ea4
KXATPMATCH-25NOV08DJOMUS-DJO,2025-11-08T17:55:31.615362Z,0.71,100,no,45d82caf-58bf-7c7a-0fcb-a8b8a297494f
KXATPMATCH-25NOV08DJOMUS-DJO,2025-11-08T17:55:31.615362Z,0.7,999,no,366c63c1-c075-74b8-1486-79fc44d6473c
KXATPMATCH-25NOV08DJOMUS-DJO,2025-11-08T17:55:31.615362Z,0.78,1,no,3055ed01-04b3-77f5-1780-cb12041364bb
KXATPMATCH-25NOV08DJOMUS-DJO,2025-11-08T17:55:29.657704Z,0.8,25,yes,5d7920f0-f6e5-78ab-1aa9-a268fae1c008
KXATPMATCH-25NOV08DJOMUS-DJO,2025-11-08T17:55:14.204156Z,0.79,543,no,f0094fba-3c6a-7dec-6b9b-b675c081e1cb
KXATPMATCH-25NOV08DJOMUS-DJO,2025-11-08T17:55:12.246764Z,0.79,5,no,60f2c866-45da-73d8-6305-c72f3f34f0ef
KXATPMATCH-25NOV08DJOMUS-DJO,2025-11-08T17:55:11.121026Z,0.79,100,no,231fce55-ee0a-66e8-e769-90362ad6c017
KXATPMATCH-25NOV08DJOMUS-DJO,2025-11-08T17:54:58.786535Z,0.84,197,yes,05224483-d94a-5b8b-645c-4dc62913fd01
KXATPMATCH-25NOV08DJOMUS-DJO,2025-11-08T17:54:58.104292Z,0.82,500,yes,5e527e7c-2f38-757c-b94d-fd29b0877959
KXATPMATCH-25NOV08DJOMUS-DJO,2025-11-08T17:54:56.377626Z,0.81,2,no,67986242-dca1-53a2-f897-08bd5e611839
KXATPMATCH-25NOV08DJOMUS-DJO,2025-11-08T17:54:54.782976Z,0.84,11,yes,99ef9ba1-e5dc-7586-8a9d-dbd5318c2067
KXATPMATCH-25NOV08DJOMUS-DJO,2025-11-08T17:54:53.685495Z,0.81,130,no,7067789c-947b-43bd-818c-f2275570e061
KXATPMATCH-25NOV08DJOMUS-DJO,2025-11-08T17:54:38.607993Z,0.81,526,yes,326c5699-11cc-7cf9-a827-2a3c5a88c110
KXATPMATCH-25NOV08DJOMUS-DJO,2025-11-08T17:54:37.345868Z,0.82,1322,yes,f83c384f-9926-50e8-d97c-00aab55f56be
KXATPMATCH-25NOV08DJOMUS-DJO,2025-11-08T17:54:37.345868Z,0.81,599,yes,d50c1576-b4e6-5903-f398-25a8b5f11bec
KXATPMATCH-25NOV08DJOMUS-DJO,2025-11-08T17:54:37.345868Z,0.81,500,yes,32fd0e8c-7e9f-58cc-d7c1-892d74c204b2
KXATPMATCH-25NOV08DJOMUS-DJO,2025-11-08T17:54:31.115532Z,0.81,64,yes,e744280e-6f60-79f6-fa66-9e417d47cb4b
KXATPMATCH-25NOV08DJOMUS-DJO,2025-11-08T17:54:29.146609Z,0.88,145,no,1839f45c-8b49-6718-28eb-22b15a17083e
KXATPMATCH-25NOV08DJOMUS-DJO,2025-11-08T17:54:29.018144Z,0.9,100,no,ca96a381-8574-7ba4-2e89-3930c81038d4
KXATPMATCH-25NOV08DJOMUS-DJO,2025-11-08T17:54:29.018144Z,0.9,31,no,2c9088fa-3c06-788b-2858-9d5a566fbda5
KXATPMATCH-25NOV08DJOMUS-DJO,2025-11-08T17:54:20.155055Z,0.91,2,yes,24c5766a-5f34-40e5-cda7-a3efcf325526
KXATPMATCH-25NOV08DJOMUS-DJO,2025-11-08T17:53:55.29427Z,0.92,260,no,3c19998e-a54b-628d-ad65-5aa7e1d6776c
KXATPMATCH-25NOV08DJOMUS-DJO,2025-11-08T17:53:53.317289Z,0.93,18,yes,fc0c07c0-9d79-5232-b57f-3b2747f5058a
KXATPMATCH-25NOV08DJOMUS-DJO,2025-11-08T17:53:48.878248Z,0.93,50,yes,3f7b26c5-bbd4-56cf-b595-d56f5aa5df3c
KXATPMATCH-25NOV08DJOMUS-DJO,2025-11-08T17:53:48.878248Z,0.93,261,yes,35727e34-c0f3-5d6f-91fc-062f94560afd
KXATPMATCH-25NOV08DJOMUS-DJO,2025-11-08T17:53:39.711926Z,0.92,260,yes,86933fa2-639e-6bff-da3f-47b14b027558
KXATPMATCH-25NOV08DJOMUS-DJO,2025-11-08T17:53:39.711926Z,0.92,199,yes,1b4b826c-40e1-6bd2-eb0f-e22bf9c6f72c
KXATPMATCH-25NOV08DJOMUS-DJO,2025-11-08T17:53:33.409778Z,0.91,186,no,a9c51499-eb05-5536-ab58-3586c12117fa
KXATPMATCH-25NOV08DJOMUS-DJO,2025-11-08T17:53:28.874756Z,0.91,350,yes,90df9d34-edcc-4212-3ddf-8cfc1cd470b8
KXATPMATCH-25NOV08DJOMUS-DJO,2025-11-08T17:53:28.874756Z,0.91,200,yes,64ffe114-421f-4661-3c48-156385fc90cf
KXATPMATCH-25NOV08DJOMUS-DJO,2025-11-08T17:53:28.867268Z,0.9,10,yes,df5d7f3e-e70d-4ac7-e0c1-7c7f5ad9428d
KXATPMATCH-25NOV08DJOMUS-DJO,2025-11-08T17:53:28.867268Z,0.9,38,yes,77c0ea42-a18b-45b8-db42-bdbbdd15abb8
KXATPMATCH-25NOV08DJOMUS-DJO,2025-11-08T17:53:28.867268Z,0.9,152,yes,1cb4ebe2-82c5-49b1-fe14-1969f7fc2af5
KXATPMATCH-25NOV08DJOMUS-DJO,2025-11-08T17:53:28.817861Z,0.9,162,yes,f76edeea-eeeb-7154-678f-e7262b992cf0
KXATPMATCH-25NOV08DJOMUS-DJO,2025-11-08T17:53:28.817861Z,0.89,5,yes,eacf1c99-3ed4-76c9-4ea7-85974bf121a1
KXATPMATCH-25NOV08DJOMUS-DJO,2025-11-08T17:53:28.817861Z,0.89,350,yes,db20ca2f-c12d-77b7-431f-b46ce387bc72
KXATPMATCH-25NOV08DJOMUS-DJO,2025-11-08T17:53:28.817861Z,0.88,74,yes,c5e76045-27b9-726c-404c-05765eb9ef86
KXATPMATCH-25NOV08DJOMUS-DJO,2025-11-08T17:53:28.817861Z,0.89,599,yes,9978c849-4507-71f7-52de-3df2b95860b0
KXATPMATCH-25NOV08DJOMUS-DJO,2025-11-08T17:53:28.817861Z,0.9,350,yes,890a2b57-94d8-7eed-6ca0-f3ee03d071db
KXATPMATCH-25NOV08DJOMUS-DJO,2025-11-08T17:53:28.817861Z,0.88,71,yes,5743fffa-580d-77ad-6eff-1b28d61e6bae
KXATPMATCH-25NOV08DJOMUS-DJO,2025-11-08T17:53:28.817861Z,0.89,599,yes,189e0545-c591-729c-7573-5d9fffb1caa5
KXATPMATCH-25NOV08DJOMUS-DJO,2025-11-08T17:53:28.817861Z,0.89,200,yes,02572e2d-6af1-7532-4627-c325e5e81fec
KXATPMATCH-25NOV08DJOMUS-DJO,2025-11-08T17:53:28.767664Z,0.86,4000,yes,543ea443-58e1-7602-70f6-f2eb32fe8fe7
KXATPMATCH-25NOV08DJOMUS-DJO,2025-11-08T17:53:28.767575Z,0.84,8,yes,22d5eba4-f741-44d8-5b4a-64880f299d61
KXATPMATCH-25NOV08DJOMUS-DJO,2025-11-08T17:53:15.948613Z,0.84,470,yes,86686adc-8c50-4402-c037-77d56915691a
KXATPMATCH-25NOV08DJOMUS-DJO,2025-11-08T17:53:15.625901Z,0.84,186,yes,422aae2d-d6ac-4902-13db-ef7c0f12bafe
KXATPMATCH-25NOV08DJOMUS-DJO,2025-11-08T17:53:09.401821Z,0.84,58,yes,12fbace7-8ac4-5d82-9211-1bfe41735776
KXATPMATCH-25NOV08DJOMUS-DJO,2025-11-08T17:52:53.797833Z,0.86,129,no,1ef16a59-88f0-6e4a-5fa9-e19f63fc5ddb
KXATPMATCH-25NOV08DJOMUS-DJO,2025-11-08T17:52:49.476254Z,0.86,45,yes,f338ef6c-50b5-7b3c-6f6b-af129af45bda
KXATPMATCH-25NOV08DJOMUS-DJO,2025-11-08T17:52:49.476254Z,0.86,5,yes,c0edf825-d3a8-717e-7ab7-9bc092aa82d4
KXATPMATCH-25NOV08DJOMUS-DJO,2025-11-08T17:52:46.555295Z,0.86,84,yes,bb043502-1a99-5c60-4a41-3a371a41b03e
KXATPMATCH-25NOV08DJOMUS-DJO,2025-11-08T17:52:45.414542Z,0.86,100,yes,6033cfe3-00a5-57d8-cf23-7c688a50c086
KXATPMATCH-25NOV08DJOMUS-DJO,2025-11-08T17:52:44.011331Z,0.86,690,yes,ecb224fb-59f1-4d3c-0766-cd94bfbebe16
KXATPMATCH-25NOV08DJOMUS-DJO,2025-11-08T17:52:37.83595Z,0.85,500,yes,87fb71f6-fef2-730d-166a-0dccabf70139
KXATPMATCH-25NOV08DJOMUS-DJO,2025-11-08T17:52:34.284776Z,0.85,556,yes,2f2b19fe-bc15-4a50-9944-0214fb08f15c
KXATPMATCH-25NOV08DJOMUS-DJO,2025-11-08T17:52:30.274692Z,0.9,76,no,557d4bd8-2cd1-7a66-ce1f-b5c866e679ca
KXATPMATCH-25NOV08DJOMUS-DJO,2025-11-08T17:52:21.582155Z,0.9,24,no,f7b38639-64b9-7602-7f8a-a3b707b5b502
KXATPMATCH-25NOV08DJOMUS-DJO,2025-11-08T17:52:01.101378Z,0.91,3,no,26d1c5c4-a165-5d07-0d23-520e7e5c589f
KXATPMATCH-25NOV08DJOMUS-DJO,2025-11-08T17:51:51.543237Z,0.91,3,no,fa14bb48-1582-4a68-81c7-7a383819ae9c
KXATPMATCH-25NOV08DJOMUS-DJO,2025-11-08T17:51:45.817073Z,0.93,18,yes,1f99f701-ec50-4b23-2c5b-8fc90726afbd
KXATPMATCH-25NOV08DJOMUS-DJO,2025-11-08T17:51:40.26978Z,0.93,100,no,cf70247d-d840-5bff-a289-de29fb6a5caf
KXATPMATCH-25NOV08DJOMUS-DJO,2025-11-08T17:51:40.26978Z,0.93,709,no,05b96bf5-d935-5698-bf0f-b977e2113284
KXATPMATCH-25NOV08DJOMUS-DJO,2025-11-08T17:51:35.553618Z,0.93,65,no,6d0cd66c-b255-7668-04f7-8ec574a22648
KXATPMATCH-25NOV08DJOMUS-DJO,2025-11-08T17:51:17.742881Z,0.94,211,yes,3ee8172e-429c-5fa9-5ddd-c34c4d3f9691
KXATPMATCH-25NOV08DJOMUS-DJO,2025-11-08T17:51:10.637023Z,0.93,40,no,40abf486-2add-6e04-925d-df0029cb3f74
KXATPMATCH-25NOV08DJOMUS-DJO,2025-11-08T17:51:07.111962Z,0.93,135,no,d7039790-cb1d-714c-f5af-2a518781ce0c
KXATPMATCH-25NOV08DJOMUS-DJO,2025-11-08T17:50:57.360669Z,0.94,648,yes,79a3bfd5-8e50-4965-6ab9-4c4c0d855779
KXATPMATCH-25NOV08DJOMUS-DJO,2025-11-08T17:50:56.466467Z,0.94,211,yes,218dc443-c988-7d11-660f-4a7fbe08a345
KXATPMATCH-25NOV08DJOMUS-DJO,2025-11-08T17:50:55.098402Z,0.93,10,no,92377d70-ed39-4ab3-aabf-eed5621e7a08
KXATPMATCH-25NOV08DJOMUS-DJO,2025-11-08T17:50:55.098402Z,0.93,362,no,6ad84c38-6d01-4061-9bc9-030926638d6f
KXATPMATCH-25NOV08DJOMUS-DJO,2025-11-08T17:50:55.098402Z,0.93,51,no,30c324b2-a4a9-43d0-9bc9-9631ee2abc58
KXATPMATCH-25NOV08DJOMUS-DJO,2025-11-08T17:50:50.294786Z,0.94,5,yes,0a38e728-fde8-4051-2446-88de4c0258b1
KXATPMATCH-25NOV08DJOMUS-DJO,2025-11-08T17:50:48.871078Z,0.93,3,no,5aca3802-c501-4b05-a3eb-8edac28fc593
KXATPMATCH-25NOV08DJOMUS-DJO,2025-11-08T17:50:47.825647Z,0.93,400,no,459cec93-0a41-52c5-04ac-621f2d0504f3
KXATPMATCH-25NOV08DJOMUS-DJO,2025-11-08T17:50:42.796631Z,0.93,20,no,54de52bc-4c85-4a7d-01f3-ca1b90abb60b
KXATPMATCH-25NOV08DJOMUS-DJO,2025-11-08T17:50:42.447764Z,0.93,454,no,e289b757-8f51-5c91-c5c3-2b46be6a26e7
KXATPMATCH-25NOV08DJOMUS-DJO,2025-11-08T17:50:32.841185Z,0.94,18,yes,65fb4e68-8394-5885-0db7-a03025c6094d
KXATPMATCH-25NOV08DJOMUS-DJO,2025-11-08T17:50:29.568735Z,0.93,340,no,dd7d8670-5ad5-5cd1-7af3-e1bc0d404dc3
KXATPMATCH-25NOV08DJOMUS-DJO,2025-11-08T17:50:28.559415Z,0.94,105,yes,6dc12d8e-a713-4903-42d3-2c6a319cd9e7
KXATPMATCH-25NOV08DJOMUS-DJO,2025-11-08T17:50:22.399504Z,0.93,476,yes,4f6c5267-f3b9-4721-a96c-547799afb1b9
KXATPMATCH-25NOV08DJOMUS-DJO,2025-11-08T17:50:21.611949Z,0.93,338,yes,874adb3f-a829-4219-4d0e-410e38fa6f49
KXATPMATCH-25NOV08DJOMUS-DJO,2025-11-08T17:50:21.539386Z,0.93,456,yes,2d143beb-63b5-7d7d-afea-ccf5345d8675
KXATPMATCH-25NOV08DJOMUS-DJO,2025-11-08T17:50:19.994061Z,0.93,385,yes,6fe29782-0d65-6cf5-f79b-26bc5819d925
KXATPMATCH-25NOV08DJOMUS-DJO,2025-11-08T17:50:19.923641Z,0.93,345,yes,e7fc5766-2449-4249-5d0d-f0b38298ac41
KXATPMATCH-25NOV08DJOMUS-DJO,2025-11-08T17:50:19.886646Z,0.93,531,yes,d40f293c-6e8e-664b-7bad-e087f13cec4c
KXATPMATCH-25NOV08DJOMUS-DJO,2025-11-08T17:50:16.571894Z,0.93,327,yes,f79203ce-7626-5c9f-9f5d-6c88a4ba33dd
KXATPMATCH-25NOV08DJOMUS-DJO,2025-11-08T17:50:16.571894Z,0.93,598,yes,be58e9b1-57ed-5f1b-bc44-57791a3a2343
KXATPMATCH-25NOV08DJOMUS-DJO,2025-11-08T17:50:16.571894Z,0.93,200,yes,9a3d62fe-18b9-5fcc-91e5-65ea094cbee8
KXATPMATCH-25NOV08DJOMUS-DJO,2025-11-08T17:50:16.038735Z,0.93,1,yes,3b9a75f1-d931-7583-cd39-db31a207432f
KXATPMATCH-25NOV08DJOMUS-DJO,2025-11-08T17:50:12.87858Z,0.92,69,no,1f5d99aa-214b-48d3-5d81-b9d9d0e2be25
KXATPMATCH-25NOV08DJOMUS-DJO,2025-11-08T17:50:12.129701Z,0.92,31,no,57268ba7-7663-40ff-4a3f-f944a2be6f3d
KXATPMATCH-25NOV08DJOMUS-DJO,2025-11-08T17:50:08.304672Z,0.93,107,yes,f1995de4-067b-6e55-83b8-29c87e47d3a1
KXATPMATCH-25NOV08DJOMUS-DJO,2025-11-08T17:50:07.810374Z,0.93,267,yes,d51a9d04-dd6f-46f9-465e-286d3f76c4ed
KXATPMATCH-25NOV08DJOMUS-DJO,2025-11-08T17:50:06.588233Z,0.93,2,yes,ee882cd1-689b-415d-b2b4-476a3085bf75
KXATPMATCH-25NOV08DJOMUS-DJO,2025-11-08T17:49:58.974877Z,0.92,53,no,852e7c94-bb6f-5b33-df7e-0f60f6e3edb5
KXATPMATCH-25NOV08DJOMUS-DJO,2025-11-08T17:49:56.333874Z,0.92,599,no,f9e63292-ecdc-7c5e-86b6-96e0dee1be67
KXATPMATCH-25NOV08DJOMUS-DJO,2025-11-08T17:49:56.333874Z,0.92,407,no,01af7790-8ad7-7047-8dd8-0fc614347949
KXATPMATCH-25NOV08DJOMUS-DJO,2025-11-08T17:49:56.115817Z,0.93,53,yes,ea9aecb4-08f7-64ed-a718-16a80b331275
KXATPMATCH-25NOV08DJOMUS-DJO,2025-11-08T17:49:53.844567Z,0.93,2,yes,a35e2d3d-08ef-4945-7319-44affba6ad89
KXATPMATCH-25NOV08DJOMUS-DJO,2025-11-08T17:49:52.14094Z,0.91,3,no,2091f855-3fe8-762d-ca6a-365a7d161f0c
KXATPMATCH-25NOV08DJOMUS-DJO,2025-11-08T17:49:52.14094Z,0.92,97,no,1bcaabdf-000b-7595-ca5f-24f0cd56d8c2
KXATPMATCH-25NOV08DJOMUS-DJO,2025-11-08T17:49:51.833677Z,0.93,11,yes,0b4f951f-5df7-4011-d866-4b45e772943d
KXATPMATCH-25NOV08DJOMUS-DJO,2025-11-08T17:49:49.715515Z,0.93,535,yes,bdba6f17-f9eb-68fd-e145-001c02c2dbd5
KXATPMATCH-25NOV08DJOMUS-DJO,2025-11-08T17:49:49.533375Z,0.93,299,yes,892c11ed-342f-5f75-d27d-9cb57a9e7d01
KXATPMATCH-25NOV08DJOMUS-DJO,2025-11-08T17:49:46.774913Z,0.92,503,no,4a214fa3-730b-7c19-2c7b-f875136b1842
KXATPMATCH-25NOV08DJOMUS-DJO,2025-11-08T17:49:46.687788Z,0.93,3881,no,aa17208c-0949-7307-64e5-6a41f78bc329
KXATPMATCH-25NOV08DJOMUS-DJO,2025-11-08T17:49:46.617063Z,0.93,100,yes,fd539ca6-508f-45ee-8c0a-c7e4d09f7dce
KXATPMATCH-25NOV08DJOMUS-DJO,2025-11-08T17:49:46.617063Z,0.93,1420,yes,e797cb31-5ddc-4d27-983d-d0619460445a
KXATPMATCH-25NOV08DJOMUS-DJO,2025-11-08T17:49:46.617063Z,0.93,599,yes,4cd288a5-7b21-4693-9270-b854c23f40e8
KXATPMATCH-25NOV08DJOMUS-DJO,2025-11-08T17:49:46.617063Z,0.93,2000,yes,1c090df3-6c63-4f36-8d1a-a29d4e45aafe
KXATPMATCH-25NOV08DJOMUS-DJO,2025-11-08T17:49:38.865966Z,0.93,12,yes,ee82a9cd-4c74-4f63-fe76-387a37afe696
KXATPMATCH-25NOV08DJOMUS-DJO,2025-11-08T17:49:34.389705Z,0.93,147,yes,9d726d2a-102c-69b7-fe0d-71286f1590da
KXATPMATCH-25NOV08DJOMUS-DJO,2025-11-08T17:49:34.389705Z,0.92,100,yes,1512d954-ceef-6a99-d9b8-6856dc528a29
KXATPMATCH-25NOV08DJOMUS-DJO,2025-11-08T17:49:29.245242Z,0.94,11,yes,e245c783-0e6d-4647-4572-1a7ff5029624
KXATPMATCH-25NOV08DJOMUS-DJO,2025-11-08T17:49:25.287919Z,0.9,45,no,4e0076fc-92de-6095-d5ab-0b0e64522faa
KXATPMATCH-25NOV08DJOMUS-DJO,2025-11-08T17:49:16.724637Z,0.94,8,yes,240c9386-3479-619f-048c-14c50489ad48
KXATPMATCH-25NOV08DJOMUS-DJO,2025-11-08T17:49:16.231017Z,0.92,500,yes,a0efa82e-2d63-7cd3-63b9-2dfaa30d5b71
KXATPMATCH-25NOV08DJOMUS-DJO,2025-11-08T17:49:11.392759Z,0.91,90,no,8f40620d-f205-40c7-1210-bb0a39d75602
KXATPMATCH-25NOV08DJOMUS-DJO,2025-11-08T17:49:09.28164Z,0.93,535,yes,26dfdee6-eca3-4b18-c81c-541ab223ea1e
KXATPMATCH-25NOV08DJOMUS-DJO,2025-11-08T17:49:01.389607Z,0.93,172,yes,ef531fb7-d047-6464-a590-f2cc63b879fe
KXATPMATCH-25NOV08DJOMUS-DJO,2025-11-08T17:49:00.557008Z,0.93,21,yes,943e3794-7c9b-709c-7c38-49787c9084ca
KXATPMATCH-25NOV08DJOMUS-DJO,2025-11-08T17:48:59.822921Z,0.93,12,yes,98a2d9af-b30f-63a8-ce81-0ff88a09e9b2
KXATPMATCH-25NOV08DJOMUS-DJO,2025-11-08T17:48:54.074175Z,0.93,107,yes,eb95dded-bc1f-6724-f86d-b4718d3f1c8e
KXATPMATCH-25NOV08DJOMUS-DJO,2025-11-08T17:48:51.363986Z,0.93,323,no,afed54cf-0eca-4563-251c-980b0a83347e
KXATPMATCH-25NOV08DJOMUS-DJO,2025-11-08T17:48:48.592168Z,0.94,11,yes,3bac33cc-0f31-697b-fe6a-90cf9cccacf0
KXATPMATCH-25NOV08DJOMUS-DJO,2025-11-08T17:48:46.875908Z,0.94,105,yes,474b9c6a-8ee5-570b-0ef4-01da2e070584
KXATPMATCH-25NOV08DJOMUS-DJO,2025-11-08T17:48:45.729825Z,0.93,70,no,5734952f-a52e-6eaf-dd3d-a76dc3b2e442
KXATPMATCH-25NOV08DJOMUS-DJO,2025-11-08T17:48:42.017269Z,0.94,105,yes,e214dc98-52e1-6a6f-0002-c4e440c5ba38
KXATPMATCH-25NOV08DJOMUS-DJO,2025-11-08T17:48:41.167932Z,0.93,7,no,b2fe9c41-46a2-7fd3-1663-ff78bcbe71d2
KXATPMATCH-25NOV08DJOMUS-DJO,2025-11-08T17:48:40.873758Z,0.94,5,yes,ebea7e39-0709-7e3b-47c9-b9c27056e834
KXATPMATCH-25NOV08DJOMUS-DJO,2025-11-08T17:48:37.369232Z,0.92,13,no,9d91c958-56c6-76bb-e15f-14253b4ac779
KXATPMATCH-25NOV08DJOMUS-DJO,2025-11-08T17:48:36.35626Z,0.94,26,yes,d6b28455-f72d-43ff-fdab-87d662d0d0ac
KXATPMATCH-25NOV08DJOMUS-DJO,2025-11-08T17:48:36.048685Z,0.92,30,no,5fae0a8d-52ca-65df-4424-0263f15bfb21
KXATPMATCH-25NOV08DJOMUS-DJO,2025-11-08T17:48:34.111195Z,0.92,20,no,5ae2aafb-9e7e-52e3-d7cb-9ad3ef6d77e1
KXATPMATCH-25NOV08DJOMUS-DJO,2025-11-08T17:48:33.682528Z,0.94,10,yes,8870f665-e771-7aff-3e70-d5d5e58691ec
KXATPMATCH-25NOV08DJOMUS-DJO,2025-11-08T17:48:29.969949Z,0.92,76,no,fe455504-16ce-74d3-f876-da4c16d6efb5
KXATPMATCH-25NOV08DJOMUS-DJO,2025-11-08T17:48:29.969949Z,0.92,500,no,cd9eea9e-71f9-7b04-d473-7fd24b601e62
KXATPMATCH-25NOV08DJOMUS-DJO,2025-11-08T17:48:29.969949Z,0.92,199,no,66fa9402-6bce-7a66-ec9b-f9c21b76b875
KXATPMATCH-25NOV08DJOMUS-DJO,2025-11-08T17:48:29.969949Z,0.93,1000,no,5074a4ed-e659-7dbb-c91d-aff4f01af828
KXATPMATCH-25NOV08DJOMUS-DJO,2025-11-08T17:48:29.969949Z,0.93,599,no,0f2d3236-b79b-7130-d66f-2ba4d8bbb805
KXATPMATCH-25NOV08DJOMUS-DJO,2025-11-08T17:48:28.755152Z,0.94,12,yes,c84bf963-6001-75db-d995-98c794fd0e94
KXATPMATCH-25NOV08DJOMUS-DJO,2025-11-08T17:48:28.755152Z,0.94,1,yes,15d3dd04-5df5-7f08-d152-1ed9f421a157
KXATPMATCH-25NOV08DJOMUS-DJO,2025-11-08T17:48:18.782481Z,0.92,44,no,829fbb68-66bc-4930-980a-817176ee5ef1
KXATPMATCH-25NOV08DJOMUS-DJO,2025-11-08T17:48:18.252135Z,0.93,12,yes,0f3c41b4-0fdc-7587-e42c-6e1471ba05b4
KXATPMATCH-25NOV08DJOMUS-DJO,2025-11-08T17:48:11.385198Z,0.92,5,yes,79172307-ea36-4472-ee4e-ca5a847c3181
KXATPMATCH-25NOV08DJOMUS-DJO,2025-11-08T17:48:08.58825Z,0.91,74,no,c3cd50be-04ba-7471-28e9-e6c19edfa1d0
KXATPMATCH-25NOV08DJOMUS-DJO,2025-11-08T17:48:04.586041Z,0.91,10,no,dd1043cf-6057-6671-6f2f-a2324f04ffd9
KXATPMATCH-25NOV08DJOMUS-DJO,2025-11-08T17:47:57.449887Z,0.93,1568,no,2cdbbc37-a572-6916-81e8-320e9e06cf2a
KXATPMATCH-25NOV08DJOMUS-DJO,2025-11-08T17:47:52.846046Z,0.93,375,no,fe0794ed-0786-5022-2538-b3c9cbe44276
KXATPMATCH-25NOV08DJOMUS-DJO,2025-11-08T17:47:48.71175Z,0.93,57,no,1baac520-21ce-6fde-4b9f-3f8f2177d7da
