ticker,created_time,price,count,taker_side,trade_id
KXATPMATCH-25NOV09ALCDE-DE,2025-11-09T14:53:19.353093Z,0.01,618,yes,dd950559-3df1-57d2-49aa-8356d5b581de
KXATPMATCH-25NOV09ALCDE-DE,2025-11-09T14:53:19.353093Z,0.01,5000,yes,cb70b597-740c-57b0-42b3-850913141719
KXATPMATCH-25NOV09ALCDE-DE,2025-11-09T14:53:18.062042Z,0.01,1,yes,af9d2202-5615-6f5a-6851-9fc00b17230a
KXATPMATCH-25NOV09ALCDE-DE,2025-11-09T14:53:03.832756Z,0.01,2438,yes,f03aa637-93ea-495e-36ac-76f05be7ce82
KXATPMATCH-25NOV09ALCDE-DE,2025-11-09T14:53:03.832756Z,0.01,381,yes,e4e0d6ad-2b8d-4972-389f-ce9576e6a822
KXATPMATCH-25NOV09ALCDE-DE,2025-11-09T14:52:52.953661Z,0.01,467,yes,201a4872-e43a-55c6-3e80-44fa7694ba7a
KXATPMATCH-25NOV09ALCDE-DE,2025-11-09T14:52:52.104819Z,0.01,93,yes,063586b5-a306-5b6e-838c-615092d2f772
KXATPMATCH-25NOV09ALCDE-DE,2025-11-09T14:52:24.853921Z,0.01,2,yes,ff25abd7-8856-5b92-4007-6debbb9225aa
KXATPMATCH-25NOV09ALCDE-DE,2025-11-09T14:51:20.91478Z,0.02,517,yes,bce4f70b-9100-4860-9a93-3a3b2def5c6e
KXATPMATCH-25NOV09ALCDE-DE,2025-11-09T14:51:20.91478Z,0.02,400,yes,233cf6f4-a13c-4b3a-a1ce-d42102fbceb1
KXATPMATCH-25NOV09ALCDE-DE,2025-11-09T14:51:11.059458Z,0.01,18,yes,ff844988-e6a3-68d8-f282-c4633f4f87d7
KXATPMATCH-25NOV09ALCDE-DE,2025-11-09T14:51:03.683492Z,0.02,140,yes,fc677039-105c-5476-b9fb-2e3db641d759
KXATPMATCH-25NOV09ALCDE-DE,2025-11-09T14:50:57.008921Z,0.02,280,yes,620b4cc9-bcb4-7e8e-41a6-3e6f903456f5
KXATPMATCH-25NOV09ALCDE-DE,2025-11-09T14:50:15.307683Z,0.02,46,yes,20b1d0b8-98d4-53de-c6c5-4413eaef6afd
KXATPMATCH-25NOV09ALCDE-DE,2025-11-09T14:50:07.464606Z,0.01,27,yes,fc0719a0-f43d-6a70-ac4b-1b799d9715e9
KXATPMATCH-25NOV09ALCDE-DE,2025-11-09T14:50:07.464606Z,0.02,73,yes,d83c56d5-af68-609a-9948-d1401667bf5d
KXATPMATCH-25NOV09ALCDE-DE,2025-11-09T14:49:54.719309Z,0.01,45,yes,c23af92b-13b1-7c08-2554-6fa8bd5f3b51
KXATPMATCH-25NOV09ALCDE-DE,2025-11-09T14:49:44.790867Z,0.01,100,yes,5652ff79-74c5-4434-b709-ef4a9b39972d
KXATPMATCH-25NOV09ALCDE-DE,2025-11-09T14:49:16.747398Z,0.02,20,yes,ec53808b-4040-5c4a-c397-a6ebae17d1e5
KXATPMATCH-25NOV09ALCDE-DE,2025-11-09T14:49:16.747398Z,0.01,240,yes,9eb4ebb2-d6f4-5d65-f3e4-dbff99e0e116
KXATPMATCH-25NOV09ALCDE-DE,2025-11-09T14:48:49.115712Z,0.02,7,yes,67386082-2184-4c2a-3f24-fdaba3b489f9
KXATPMATCH-25NOV09ALCDE-DE,2025-11-09T14:48:33.634453Z,0.01,100,yes,826ee209-5770-7002-0c15-d58644c6b85d
KXATPMATCH-25NOV09ALCDE-DE,2025-11-09T14:48:16.672983Z,0.02,17,yes,6380eb0a-1ea4-4d52-f26a-e1fdfa5365f9
KXATPMATCH-25NOV09ALCDE-DE,2025-11-09T14:47:45.77091Z,0.01,55,no,dcd80743-b25c-7a06-a0a4-1ce8c84e5d64
KXATPMATCH-25NOV09ALCDE-DE,2025-11-09T14:46:59.469028Z,0.02,327,yes,36dba791-f190-56ca-e5e0-3b9494d60309
KXATPMATCH-25NOV09ALCDE-DE,2025-11-09T14:46:41.924377Z,0.02,67,yes,7e721b16-a4fc-44a2-d51d-adb7331f8e39
KXATPMATCH-25NOV09ALCDE-DE,2025-11-09T14:45:58.829809Z,0.02,233,yes,5777ae43-077c-5d8a-08a1-b7b656d893a1
KXATPMATCH-25NOV09ALCDE-DE,2025-11-09T14:45:58.148618Z,0.02,41,yes,63bb2c98-468c-7a9e-d0c9-dad2e23ac3a9
KXATPMATCH-25NOV09ALCDE-DE,2025-11-09T14:45:50.722711Z,0.02,140,yes,96f943e6-76c4-4282-a420-7187808f780d
KXATPMATCH-25NOV09ALCDE-DE,2025-11-09T14:45:45.84296Z,0.02,233,yes,051a07dc-9880-7c3e-6012-ad5d722fec49
KXATPMATCH-25NOV09ALCDE-DE,2025-11-09T14:45:44.655786Z,0.02,93,yes,2e0f91e4-0b1c-650e-744f-58d2fb1229e1
KXATPMATCH-25NOV09ALCDE-DE,2025-11-09T14:45:41.190564Z,0.02,17,yes,ddfa57f0-7c84-6d5e-aa92-6a2e6d392355
KXATPMATCH-25NOV09ALCDE-DE,2025-11-09T14:45:41.190564Z,0.01,900,yes,70303c8d-9604-6630-b939-4c5bd804a12c
KXATPMATCH-25NOV09ALCDE-DE,2025-11-09T14:45:39.021881Z,0.01,100,yes,ece39df7-77f0-6fe8-8587-84234a439dcc
KXATPMATCH-25NOV09ALCDE-DE,2025-11-09T14:45:10.948213Z,0.01,93,yes,bac2bd68-ad65-7590-626d-641490d9eb9b
KXATPMATCH-25NOV09ALCDE-DE,2025-11-09T14:44:57.826357Z,0.01,1000,yes,df30c39a-62b1-48e4-3198-5f9d71cecee3
KXATPMATCH-25NOV09ALCDE-DE,2025-11-09T14:44:42.289241Z,0.01,467,yes,23a3485e-dda9-7d0c-2d88-9d5be9656607
KXATPMATCH-25NOV09ALCDE-DE,2025-11-09T14:44:38.989307Z,0.01,133,yes,1e033148-20b9-5c24-46ad-6f824f7b5fcb
KXATPMATCH-25NOV09ALCDE-DE,2025-11-09T14:44:34.095897Z,0.01,841,yes,27be505f-e5cd-72b0-261b-5a09f4e16fab
KXATPMATCH-25NOV09ALCDE-DE,2025-11-09T14:44:11.098003Z,0.01,285,no,0fc28066-77f6-448b-65ac-0f63fa61f71b
KXATPMATCH-25NOV09ALCDE-DE,2025-11-09T14:44:09.738082Z,0.02,280,yes,5215ee13-2a60-4cfa-cffb-f27dca2d0315
KXATPMATCH-25NOV09ALCDE-DE,2025-11-09T14:43:56.957126Z,0.01,649,no,29bd4ec9-5e96-65af-2fcf-df57e8928f67
KXATPMATCH-25NOV09ALCDE-DE,2025-11-09T14:43:55.037518Z,0.02,23,yes,b4a0cd8d-cfb8-4fe2-aa5d-207bd9c69cc5
KXATPMATCH-25NOV09ALCDE-DE,2025-11-09T14:43:46.647339Z,0.01,66,no,c2c90b55-a896-7593-9633-d7dd30ec64a7
KXATPMATCH-25NOV09ALCDE-DE,2025-11-09T14:43:06.514408Z,0.02,46,yes,9ad61fac-7268-6bc6-bc5d-351d33ae1afd
KXATPMATCH-25NOV09ALCDE-DE,2025-11-09T14:42:45.307691Z,0.02,467,yes,8bb545e8-0978-7d62-dd53-0cf1094c4dc1
KXATPMATCH-25NOV09ALCDE-DE,2025-11-09T14:42:35.507833Z,0.02,50,yes,4d337c55-f814-5ef2-7591-693111125d4d
KXATPMATCH-25NOV09ALCDE-DE,2025-11-09T14:42:23.037847Z,0.02,9,yes,e34f7ae2-ca46-48ce-3985-30810f9d14a5
KXATPMATCH-25NOV09ALCDE-DE,2025-11-09T14:42:23.037847Z,0.02,1000,yes,e2bb289f-81ee-4d69-39ae-4e542d180864
KXATPMATCH-25NOV09ALCDE-DE,2025-11-09T14:42:23.037847Z,0.02,250,yes,9b8ba738-a4a7-469a-0545-36924f6840cf
KXATPMATCH-25NOV09ALCDE-DE,2025-11-09T14:42:23.037847Z,0.02,1033,yes,88625118-a890-4b16-23fc-c38d70848c55
KXATPMATCH-25NOV09ALCDE-DE,2025-11-09T14:42:23.037847Z,0.03,410,yes,4bc6f46b-4d9d-4df3-3de2-fadc5bc2ee4a
KXATPMATCH-25NOV09ALCDE-DE,2025-11-09T14:42:23.037847Z,0.03,1182,yes,15da2a8e-606e-4690-0e2f-5b52199761d1
KXATPMATCH-25NOV09ALCDE-DE,2025-11-09T14:42:19.651783Z,0.02,467,yes,f1e0cd32-c8ec-5026-edb6-b80c1eb70b81
KXATPMATCH-25NOV09ALCDE-DE,2025-11-09T14:41:39.344751Z,0.02,93,yes,4b45b5ea-d2df-51d1-45d3-239ea80e20d3
KXATPMATCH-25NOV09ALCDE-DE,2025-11-09T14:41:12.364195Z,0.02,1169,yes,fafa7e85-150b-56d9-d79f-aa70ac8018c7
KXATPMATCH-25NOV09ALCDE-DE,2025-11-09T14:41:12.265053Z,0.02,25,yes,cfb310de-ce77-42a9-9e4e-f54dcf73815f
KXATPMATCH-25NOV09ALCDE-DE,2025-11-09T14:40:58.02003Z,0.02,982,yes,e55cec41-ade7-6f61-ec6b-df1e8f4c93f7
KXATPMATCH-25NOV09ALCDE-DE,2025-11-09T14:40:55.424558Z,0.02,46,yes,a9f9ada5-eee7-41e1-ad94-7febca4ff09f
KXATPMATCH-25NOV09ALCDE-DE,2025-11-09T14:40:48.280309Z,0.01,172,no,caacd665-2660-6b7d-b6cb-40c5b69aa9ec
KXATPMATCH-25NOV09ALCDE-DE,2025-11-09T14:40:46.269036Z,0.02,9,yes,8f95ebf9-c1eb-5065-15e1-bee5441838f3
KXATPMATCH-25NOV09ALCDE-DE,2025-11-09T14:40:45.962737Z,0.02,43,yes,b854febe-8efb-7464-122f-155738f67daf
KXATPMATCH-25NOV09ALCDE-DE,2025-11-09T14:40:45.962737Z,0.02,3,yes,8904a224-45d3-77e9-2b01-79adb2589037
KXATPMATCH-25NOV09ALCDE-DE,2025-11-09T14:40:44.207259Z,0.02,7,yes,16adc47e-7a0f-7fdc-b97d-918b4f68d0cf
KXATPMATCH-25NOV09ALCDE-DE,2025-11-09T14:40:24.542983Z,0.02,748,yes,4513b644-f5d1-4591-568f-aaae09611026
KXATPMATCH-25NOV09ALCDE-DE,2025-11-09T14:40:12.948551Z,0.02,46,yes,ada68036-f48d-6c35-61a0-b3732298efb2
KXATPMATCH-25NOV09ALCDE-DE,2025-11-09T14:40:10.806487Z,0.01,74,no,09eee23f-fa0d-58dc-4cfc-94d9642f27a0
KXATPMATCH-25NOV09ALCDE-DE,2025-11-09T14:40:06.378886Z,0.01,24,no,a4459947-f859-7238-8507-b9af85ce309c
KXATPMATCH-25NOV09ALCDE-DE,2025-11-09T14:40:00.492079Z,0.01,102,no,3f65d5a2-57cd-52f4-5663-212431b050c8
KXATPMATCH-25NOV09ALCDE-DE,2025-11-09T14:40:00.492079Z,0.01,2575,no,0a074877-04e6-57d0-76ba-89e4763b59c0
KXATPMATCH-25NOV09ALCDE-DE,2025-11-09T14:39:49.479883Z,0.01,11,no,7a299545-dd82-6ed0-f803-c306e6eb85e4
KXATPMATCH-25NOV09ALCDE-DE,2025-11-09T14:39:34.679254Z,0.01,6,no,65e41f9b-3c6e-5ed8-4668-b439b6d33fc4
KXATPMATCH-25NOV09ALCDE-DE,2025-11-09T14:39:29.831216Z,0.01,1300,no,5c23515c-9426-5c90-9d5e-ee8bcc5fd2ac
KXATPMATCH-25NOV09ALCDE-DE,2025-11-09T14:39:27.263648Z,0.01,17,no,f20df31b-7ea2-4244-4523-b916c7bb2ed4
KXATPMATCH-25NOV09ALCDE-DE,2025-11-09T14:39:20.741767Z,0.02,201,yes,c61888b8-ae41-6195-7cb7-f8b5f1e48822
KXATPMATCH-25NOV09ALCDE-DE,2025-11-09T14:39:20.741767Z,0.02,32,yes,99b60cd4-5271-6e1e-78cf-b61a3ce71e6a
KXATPMATCH-25NOV09ALCDE-DE,2025-11-09T14:39:14.44302Z,0.01,5000,no,ab30b0f9-fb86-48e8-790a-be177c43da48
KXATPMATCH-25NOV09ALCDE-DE,2025-11-09T14:39:09.287729Z,0.02,935,yes,1822f8b0-06d5-4c8e-b777-2fdd9502b47a
KXATPMATCH-25NOV09ALCDE-DE,2025-11-09T14:38:58.649737Z,0.02,46,yes,bca73dd1-6201-54aa-0073-2032ca6a495a
KXATPMATCH-25NOV09ALCDE-DE,2025-11-09T14:38:56.294049Z,0.01,1091,no,2c2a4d9d-b4be-5da4-c13f-02f5e03a7844
KXATPMATCH-25NOV09ALCDE-DE,2025-11-09T14:38:50.716841Z,0.02,200,yes,c85f9fd3-9d69-5ee6-0728-f3227414c6da
KXATPMATCH-25NOV09ALCDE-DE,2025-11-09T14:38:34.775756Z,0.01,545,no,aef9b6b6-902c-5a8f-e13e-8a490faac77d
KXATPMATCH-25NOV09ALCDE-DE,2025-11-09T14:38:34.775756Z,0.01,430,no,a49908d6-97ac-5f65-d8d9-bd85d2a06c5a
KXATPMATCH-25NOV09ALCDE-DE,2025-11-09T14:38:34.775756Z,0.01,200,no,8e9efbac-c36e-56d2-e882-2d86d7126851
KXATPMATCH-25NOV09ALCDE-DE,2025-11-09T14:38:34.775756Z,0.01,5,no,00765a72-2ca9-5c8a-d209-c57b689cff70
KXATPMATCH-25NOV09ALCDE-DE,2025-11-09T14:38:30.560978Z,0.01,21,no,a7917e39-0008-5653-63bf-d484658d6a21
KXATPMATCH-25NOV09ALCDE-DE,2025-11-09T14:38:23.097972Z,0.02,701,yes,f0107766-4715-4a76-687b-a39cc1c14166
KXATPMATCH-25NOV09ALCDE-DE,2025-11-09T14:38:17.441454Z,0.02,86,yes,bf2efa94-b209-50f2-5bd1-3a5373b909be
KXATPMATCH-25NOV09ALCDE-DE,2025-11-09T14:38:17.441454Z,0.02,14,yes,5553e01e-76d9-5e36-5446-4fa0f8dc3cff
KXATPMATCH-25NOV09ALCDE-DE,2025-11-09T14:38:12.989091Z,0.01,1235,no,c4cb8c0e-eef8-6633-ae46-72b7f32e2545
KXATPMATCH-25NOV09ALCDE-DE,2025-11-09T14:38:09.699141Z,0.02,46,yes,a7f44f59-d899-7cd6-a9fd-e9826addd27b
KXATPMATCH-25NOV09ALCDE-DE,2025-11-09T14:38:07.3299Z,0.02,233,yes,771d5e3a-43c9-4386-b05b-376b505474cf
KXATPMATCH-25NOV09ALCDE-DE,2025-11-09T14:37:59.640771Z,0.02,46,yes,10ad7d6d-f4fd-475a-3c82-21da3f1fb763
KXATPMATCH-25NOV09ALCDE-DE,2025-11-09T14:37:58.332473Z,0.02,500,yes,adfcc9b7-f1ad-4022-7503-1bbd4567b66b
KXATPMATCH-25NOV09ALCDE-DE,2025-11-09T14:37:55.218836Z,0.02,46,yes,32ca1c09-9cfd-7d52-2252-1aca1b85f0af
KXATPMATCH-25NOV09ALCDE-DE,2025-11-09T14:37:49.256951Z,0.02,200,yes,4b2255e5-c7dd-7f56-3a85-542dd4b1c5f7
KXATPMATCH-25NOV09ALCDE-DE,2025-11-09T14:37:47.891026Z,0.02,467,yes,cb8c4e17-39d1-48ea-82d3-3b869cfbaa8b
KXATPMATCH-25NOV09ALCDE-DE,2025-11-09T14:37:42.148865Z,0.01,93,no,1f13142c-88d0-49bb-52b2-4ae3c1057301
KXATPMATCH-25NOV09ALCDE-DE,2025-11-09T14:37:39.941159Z,0.02,46,yes,1eb811c3-21d9-6cea-a4ad-9ef8664989a3
KXATPMATCH-25NOV09ALCDE-DE,2025-11-09T14:37:39.338803Z,0.01,2451,no,e556b168-7610-6e73-0452-82d4cdf1a021
KXATPMATCH-25NOV09ALCDE-DE,2025-11-09T14:37:35.074406Z,0.02,22,yes,53cdadcf-48e5-709e-0023-d37075d54e6b
KXATPMATCH-25NOV09ALCDE-DE,2025-11-09T14:37:35.016116Z,0.01,655,no,c844731a-81d8-4d7f-9d09-e5a541818acd
KXATPMATCH-25NOV09ALCDE-DE,2025-11-09T14:37:28.515782Z,0.02,180,yes,e60c5206-3f31-4ef2-c88c-91ae16880aa3
KXATPMATCH-25NOV09ALCDE-DE,2025-11-09T14:37:24.223394Z,0.01,3,no,ec3da45b-b0fb-6d1f-ae67-4fb0039c5331
KXATPMATCH-25NOV09ALCDE-DE,2025-11-09T14:37:24.223394Z,0.01,100,no,98ad8555-fdf0-6541-bd0c-f6498c1d459e
KXATPMATCH-25NOV09ALCDE-DE,2025-11-09T14:37:24.223394Z,0.01,1235,no,6aa520b7-341d-6063-9732-424c2dcf7356
KXATPMATCH-25NOV09ALCDE-DE,2025-11-09T14:37:24.223394Z,0.01,100,no,3f8e9fde-2aeb-6126-807a-898fb5f668a7
KXATPMATCH-25NOV09ALCDE-DE,2025-11-09T14:37:15.704153Z,0.02,40,no,ed3b91d4-b0ca-4a7d-7618-fb3fc8e2cb59
KXATPMATCH-25NOV09ALCDE-DE,2025-11-09T14:37:15.704153Z,0.02,500,no,d83cb4a6-66c1-4d22-4848-df44ac0da604
KXATPMATCH-25NOV09ALCDE-DE,2025-11-09T14:37:15.704153Z,0.02,10,no,bfee45b8-e773-44a9-5d47-eb35454a1120
KXATPMATCH-25NOV09ALCDE-DE,2025-11-09T14:37:11.826126Z,0.03,100,yes,03569c55-9c7e-4bb4-64ac-d519235521f7
KXATPMATCH-25NOV09ALCDE-DE,2025-11-09T14:37:02.468394Z,0.03,312,yes,4f56fc57-771e-7840-898f-8965f66b164b
KXATPMATCH-25NOV09ALCDE-DE,2025-11-09T14:37:00.623167Z,0.03,500,yes,45393348-9e0a-75bc-0da8-00b636ea197b
KXATPMATCH-25NOV09ALCDE-DE,2025-11-09T14:36:58.332466Z,0.02,31,no,453e672d-4d96-4e6e-1486-c31a80dac211
KXATPMATCH-25NOV09ALCDE-DE,2025-11-09T14:36:54.59048Z,0.02,134,no,29827067-a436-4a81-c43b-fd77ffb40724
KXATPMATCH-25NOV09ALCDE-DE,2025-11-09T14:36:50.857071Z,0.02,582,no,8dcb6779-d30a-7955-5ef9-3c265bde0bb0
KXATPMATCH-25NOV09ALCDE-DE,2025-11-09T14:36:45.799911Z,0.02,327,yes,7f2b0ba6-2f3f-40bf-5a2c-afc74fc87e59
KXATPMATCH-25NOV09ALCDE-DE,2025-11-09T14:36:45.799911Z,0.02,15,yes,3c6fca39-0469-42cd-719d-0e2bde0d9730
KXATPMATCH-25NOV09ALCDE-DE,2025-11-09T14:36:45.799911Z,0.03,396,yes,076f0899-cf66-4830-5bda-9ed9d95e811f
KXATPMATCH-25NOV09ALCDE-DE,2025-11-09T14:36:38.287874Z,0.02,327,yes,98e0d8a1-47cc-4a1c-0d2c-2f2513bc346c
KXATPMATCH-25NOV09ALCDE-DE,2025-11-09T14:36:32.573786Z,0.02,20000,no,fca11cdf-e21a-6d51-3aa3-feaf4de7dcb9
KXATPMATCH-25NOV09ALCDE-DE,2025-11-09T14:36:32.573786Z,0.02,1789,no,f0f8e108-efe8-628c-3309-3eb0d06c27d8
KXATPMATCH-25NOV09ALCDE-DE,2025-11-09T14:36:32.573786Z,0.02,10,no,29019c60-1481-6c78-07d5-6725e4ee1efb
KXATPMATCH-25NOV09ALCDE-DE,2025-11-09T14:36:32.573786Z,0.02,1500,no,0a07cea3-866a-6e2a-098f-4ad31be9bbd6
KXATPMATCH-25NOV09ALCDE-DE,2025-11-09T14:36:30.1136Z,0.03,55,yes,a5a066ed-b232-7dd4-5943-b7c16969b13f
KXATPMATCH-25NOV09ALCDE-DE,2025-11-09T14:36:28.929878Z,0.03,156,yes,1f941246-aac2-7dc8-bac6-3e1f0f7d6557
KXATPMATCH-25NOV09ALCDE-DE,2025-11-09T14:36:18.336395Z,0.02,13,no,343d6ea0-65bc-57b0-7a8f-1f367c23b57c
KXATPMATCH-25NOV09ALCDE-DE,2025-11-09T14:36:17.04578Z,0.02,15,no,2d0a5d7b-d58c-68c4-c35f-463af0d8c068
KXATPMATCH-25NOV09ALCDE-DE,2025-11-09T14:36:10.612736Z,0.03,500,yes,05faca99-893a-68dc-cc27-89d4a6b2a95f
KXATPMATCH-25NOV09ALCDE-DE,2025-11-09T14:36:10.262705Z,0.03,31,yes,b65f34f6-c5de-6254-0a91-60ff9e6d675f
KXATPMATCH-25NOV09ALCDE-DE,2025-11-09T14:36:06.931027Z,0.03,50,yes,fdd1b5bd-68c6-6c08-051a-4cccff7f2d8b
KXATPMATCH-25NOV09ALCDE-DE,2025-11-09T14:35:59.979498Z,0.03,200,yes,8559405d-8172-5e8c-0b9c-ffe8d4433bf7
KXATPMATCH-25NOV09ALCDE-DE,2025-11-09T14:35:55.753688Z,0.03,1000,no,ab27da35-3b45-70be-2264-2a93ced92b78
KXATPMATCH-25NOV09ALCDE-DE,2025-11-09T14:35:55.753688Z,0.03,10,no,874bfb80-0658-7599-1011-2a02c92372e8
KXATPMATCH-25NOV09ALCDE-DE,2025-11-09T14:35:55.469288Z,0.04,585,yes,af30a985-f42a-74cd-7edf-233b6d9f0d3b
KXATPMATCH-25NOV09ALCDE-DE,2025-11-09T14:35:53.010444Z,0.04,6,yes,cec19f0d-87be-5ed5-c459-0878a7bebfd3
KXATPMATCH-25NOV09ALCDE-DE,2025-11-09T14:35:53.010444Z,0.04,345,yes,35ac5c25-235e-5b33-f420-8bee2a49a9bf
KXATPMATCH-25NOV09ALCDE-DE,2025-11-09T14:35:50.824462Z,0.04,234,yes,871ae7e3-28da-7d0b-7396-54b6b7606d27
KXATPMATCH-25NOV09ALCDE-DE,2025-11-09T14:35:44.786283Z,0.04,300,yes,81a4a8d1-945a-7003-e580-2370979e85a3
KXATPMATCH-25NOV09ALCDE-DE,2025-11-09T14:35:44.549376Z,0.04,23,yes,b038f9c9-9086-56df-80da-3756804baa9b
KXATPMATCH-25NOV09ALCDE-DE,2025-11-09T14:35:37.17519Z,0.04,9,yes,db76e33f-5522-4ecb-be00-1ced9dfc30db
KXATPMATCH-25NOV09ALCDE-DE,2025-11-09T14:35:34.716198Z,0.03,7,no,b97ebe95-2d97-6e5b-aa0e-f479afa77e75
KXATPMATCH-25NOV09ALCDE-DE,2025-11-09T14:35:34.716198Z,0.03,1579,no,508c85bd-3d28-68d1-85e1-3efa548765ac
KXATPMATCH-25NOV09ALCDE-DE,2025-11-09T14:35:30.337495Z,0.04,89,yes,ab041dc6-16f2-6ba7-63e4-8c921e26d107
KXATPMATCH-25NOV09ALCDE-DE,2025-11-09T14:35:30.337495Z,0.04,11,yes,7439dce1-2719-6f6c-4a50-30c6c6efa9a1
KXATPMATCH-25NOV09ALCDE-DE,2025-11-09T14:35:25.502103Z,0.03,1000,no,b79ae0c8-f149-7386-2d86-aeec3232ea3a
KXATPMATCH-25NOV09ALCDE-DE,2025-11-09T14:35:25.502103Z,0.03,1000,no,40ca0c97-648f-733c-11cf-d49873ab087a
KXATPMATCH-25NOV09ALCDE-DE,2025-11-09T14:35:25.502103Z,0.03,1467,no,0eb85591-a9fc-7d8d-1118-5bf0a1d28793
KXATPMATCH-25NOV09ALCDE-DE,2025-11-09T14:35:21.809332Z,0.03,112,no,5e7bdc10-9cf4-789d-ec81-f30c7ea8364b
KXATPMATCH-25NOV09ALCDE-DE,2025-11-09T14:35:21.809332Z,0.03,45,no,195be03e-4201-7e86-c221-bd7634114709
KXATPMATCH-25NOV09ALCDE-DE,2025-11-09T14:35:19.44507Z,0.05,18,yes,ceabc8aa-3652-659a-ebc1-065129cff355
KXATPMATCH-25NOV09ALCDE-DE,2025-11-09T14:35:19.335568Z,0.05,100,yes,b0e4719f-7a2e-7932-80e5-f7b69f77a7b5
KXATPMATCH-25NOV09ALCDE-DE,2025-11-09T14:35:17.062269Z,0.03,8,no,1e4dfa45-e1cd-52ba-1c36-5de5273e7219
KXATPMATCH-25NOV09ALCDE-DE,2025-11-09T14:35:15.241823Z,0.04,562,yes,6ef3f4bd-adcb-79cf-f174-85b88190c227
KXATPMATCH-25NOV09ALCDE-DE,2025-11-09T14:35:05.025529Z,0.03,47,yes,cd605d8c-dab9-47b8-cc59-1658a3298d5a
KXATPMATCH-25NOV09ALCDE-DE,2025-11-09T14:35:04.334013Z,0.03,31,yes,e601c337-cbf5-6c4a-c0f0-8dbf0e23d03a
KXATPMATCH-25NOV09ALCDE-DE,2025-11-09T14:35:01.067609Z,0.03,200,yes,2f7d3fc6-3191-49de-51ce-bfcadd8a117e
KXATPMATCH-25NOV09ALCDE-DE,2025-11-09T14:34:52.043594Z,0.02,11,no,b22eabd4-f2f0-6074-d85e-0eed6da3e4fc
KXATPMATCH-25NOV09ALCDE-DE,2025-11-09T14:34:51.978276Z,0.03,31,yes,1e91e5e1-3391-4d72-88b4-9ddb6f09f006
KXATPMATCH-25NOV09ALCDE-DE,2025-11-09T14:34:48.578509Z,0.03,1171,yes,c42ba70a-b589-7a52-2ee2-8ee656a83f0e
KXATPMATCH-25NOV09ALCDE-DE,2025-11-09T14:34:48.340538Z,0.03,17,yes,f01ad1f7-2ca5-4f1a-f934-d8dcedb73d0e
KXATPMATCH-25NOV09ALCDE-DE,2025-11-09T14:34:48.10703Z,0.03,8000,no,fc221b42-4870-7282-07a2-328789f4e11e
KXATPMATCH-25NOV09ALCDE-DE,2025-11-09T14:34:48.10703Z,0.03,200,no,59677790-b9a4-74bc-0048-96a08fa96e5f
KXATPMATCH-25NOV09ALCDE-DE,2025-11-09T14:34:48.00717Z,0.04,100,yes,d5d231a6-8cd9-5d0a-1e45-a5a434ddc8cd
KXATPMATCH-25NOV09ALCDE-DE,2025-11-09T14:34:45.921069Z,0.04,50,yes,957a9ed0-fef5-783e-c766-ad8762228d05
KXATPMATCH-25NOV09ALCDE-DE,2025-11-09T14:34:35.082462Z,0.04,117,yes,a4c25feb-a1e5-5c92-99eb-45a21e8b20a5
KXATPMATCH-25NOV09ALCDE-DE,2025-11-09T14:34:29.741847Z,0.04,351,yes,b09333c4-6e92-75d7-3eed-3bc5b4dbc986
KXATPMATCH-25NOV09ALCDE-DE,2025-11-09T14:34:22.903572Z,0.03,5,no,6afc1e07-65bf-6586-5848-d38dd9e64191
KXATPMATCH-25NOV09ALCDE-DE,2025-11-09T14:34:22.903572Z,0.02,47,no,3256b8e6-7c14-6948-7fee-76e39446b68c
KXATPMATCH-25NOV09ALCDE-DE,2025-11-09T14:34:22.903572Z,0.03,27,no,19da21fb-423e-62cc-7e0c-8fec7a6e0df6
KXATPMATCH-25NOV09ALCDE-DE,2025-11-09T14:34:22.056299Z,0.04,768,yes,eb9538fc-9e52-5e19-06ed-5810c6bc38a3
KXATPMATCH-25NOV09ALCDE-DE,2025-11-09T14:34:22.056299Z,0.04,2000,yes,9ce187d1-8d50-5046-2dea-adb29444c82d
KXATPMATCH-25NOV09ALCDE-DE,2025-11-09T14:34:22.056299Z,0.04,32,yes,06ce11f0-1665-5e54-2c51-4033b7dc05f7
KXATPMATCH-25NOV09ALCDE-DE,2025-11-09T14:34:21.764488Z,0.04,22,yes,53aeb5e8-a615-6200-03bb-9126b1a48e57
KXATPMATCH-25NOV09ALCDE-DE,2025-11-09T14:34:20.122452Z,0.04,234,yes,73028904-7599-4358-eca7-a01622a27483
KXATPMATCH-25NOV09ALCDE-DE,2025-11-09T14:34:17.43888Z,0.03,15,no,6da26890-1ace-55dc-8185-2eef288348e6
KXATPMATCH-25NOV09ALCDE-DE,2025-11-09T14:34:09.303506Z,0.03,58,no,a1e0ff61-940e-7f30-be88-c9789dcd2d9a
KXATPMATCH-25NOV09ALCDE-DE,2025-11-09T14:34:08.885058Z,0.04,70,yes,b0e7771a-47b1-6058-9bc9-5f0225cc18eb
KXATPMATCH-25NOV09ALCDE-DE,2025-11-09T14:34:08.260662Z,0.04,20,yes,ed302a64-e171-78ec-d105-e8766a90d26b
KXATPMATCH-25NOV09ALCDE-DE,2025-11-09T14:34:04.563002Z,0.04,46,yes,15074203-2789-52f4-5b2f-152dd7721803
KXATPMATCH-25NOV09ALCDE-DE,2025-11-09T14:34:00.600877Z,0.04,655,yes,97bc2cf3-319d-4d40-83dc-04e6fbd2bbc3
KXATPMATCH-25NOV09ALCDE-DE,2025-11-09T14:33:58.377054Z,0.04,500,yes,d62f8f3e-3735-5af4-487b-2821b2f35cdf
KXATPMATCH-25NOV09ALCDE-DE,2025-11-09T14:33:48.166069Z,0.04,980,yes,a31fa312-2071-57e0-f2a4-de22b5d21800
KXATPMATCH-25NOV09ALCDE-DE,2025-11-09T14:33:48.166069Z,0.05,350,yes,678edebd-f56f-584c-da33-2ae7c0c64361
KXATPMATCH-25NOV09ALCDE-DE,2025-11-09T14:33:48.166069Z,0.05,178,yes,59e66fcf-4386-54fc-e45a-a01431a38f6b
KXATPMATCH-25NOV09ALCDE-DE,2025-11-09T14:33:44.328664Z,0.04,20,yes,3b1b518f-6f05-7c98-3ffb-b780c5451a74
KXATPMATCH-25NOV09ALCDE-DE,2025-11-09T14:33:42.183717Z,0.04,138,yes,b9e6c916-75db-657b-da72-9eb4d020ffec
KXATPMATCH-25NOV09ALCDE-DE,2025-11-09T14:33:42.183717Z,0.04,612,yes,aa715109-1069-61d6-cc23-d4b95ad80edb
KXATPMATCH-25NOV09ALCDE-DE,2025-11-09T14:33:35.41756Z,0.04,50,yes,c12d3d83-4a8b-75a7-17a6-37b1705bc370
KXATPMATCH-25NOV09ALCDE-DE,2025-11-09T14:33:18.289238Z,0.04,74,yes,69dc6a4d-e227-5bf7-d7ca-868e7420a6dc
KXATPMATCH-25NOV09ALCDE-DE,2025-11-09T14:33:17.307616Z,0.04,163,yes,fb3b32f1-172f-7d03-59a1-21a9561dccf4
KXATPMATCH-25NOV09ALCDE-DE,2025-11-09T14:33:12.635836Z,0.05,937,yes,74cb9546-fd38-7975-2d07-8293a8c80187
KXATPMATCH-25NOV09ALCDE-DE,2025-11-09T14:33:11.539377Z,0.04,26,yes,072f4ccf-eb5e-5eb1-f505-be12d62cd4c5
KXATPMATCH-25NOV09ALCDE-DE,2025-11-09T14:33:03.1384Z,0.05,321,yes,b848ec0d-920c-4ae4-da5a-a7e56a7182b4
KXATPMATCH-25NOV09ALCDE-DE,2025-11-09T14:33:03.1384Z,0.05,1554,yes,653e60fe-37f8-4229-fd77-2aa196c5e71e
KXATPMATCH-25NOV09ALCDE-DE,2025-11-09T14:33:00.293001Z,0.05,25,yes,733ccd94-6064-64e9-e98e-261e0607be8a
KXATPMATCH-25NOV09ALCDE-DE,2025-11-09T14:32:59.856232Z,0.03,1000,no,c847e4ae-a0a5-4ee9-8b80-f957b2e90b28
KXATPMATCH-25NOV09ALCDE-DE,2025-11-09T14:32:59.856232Z,0.03,300,no,ae22c81f-8caa-4e25-aab9-65999f7df3f5
KXATPMATCH-25NOV09ALCDE-DE,2025-11-09T14:32:59.856232Z,0.03,173,no,a7bc137b-4972-4f45-b9cb-0ebd503bfa62
KXATPMATCH-25NOV09ALCDE-DE,2025-11-09T14:32:59.856232Z,0.04,301,no,8cb4517c-7afc-465d-bd29-6a0b2c9ca6c8
KXATPMATCH-25NOV09ALCDE-DE,2025-11-09T14:32:59.856232Z,0.02,125,no,855723c3-d9d4-4a00-b556-71562cd86248
KXATPMATCH-25NOV09ALCDE-DE,2025-11-09T14:32:59.856232Z,0.02,50,no,4a051c92-45b8-4300-b6bb-96ee13c9c99f
KXATPMATCH-25NOV09ALCDE-DE,2025-11-09T14:32:59.856232Z,0.03,173,no,45989359-37c4-4cff-a1b6-4c3ebba9ade6
KXATPMATCH-25NOV09ALCDE-DE,2025-11-09T14:32:59.856232Z,0.03,33,no,20d05105-519f-41e2-83ae-efbb29eab54b
KXATPMATCH-25NOV09ALCDE-DE,2025-11-09T14:32:59.856232Z,0.04,6,no,13623506-b121-4ae6-bf60-07a830dc1f9e
KXATPMATCH-25NOV09ALCDE-DE,2025-11-09T14:32:57.419024Z,0.05,45,no,95c3fc3e-3824-6575-982f-5c8b8e150f10
KXATPMATCH-25NOV09ALCDE-DE,2025-11-09T14:32:57.419024Z,0.05,20,no,39038be1-398c-69e8-be9d-348a8576b9dc
KXATPMATCH-25NOV09ALCDE-DE,2025-11-09T14:32:49.093954Z,0.05,4,no,262a21e6-9674-6515-f619-0c5c436c4a94
KXATPMATCH-25NOV09ALCDE-DE,2025-11-09T14:32:48.057204Z,0.06,469,yes,74cc780e-ebf7-5ba4-1fbf-01b1a4c2e11b
KXATPMATCH-25NOV09ALCDE-DE,2025-11-09T14:32:46.179903Z,0.06,50,yes,5a9d659c-1c43-6604-34fd-71b8fb3afe2f
KXATPMATCH-25NOV09ALCDE-DE,2025-11-09T14:32:42.682279Z,0.06,672,yes,05a0504f-98eb-5ef0-8355-267b95dee407
KXATPMATCH-25NOV09ALCDE-DE,2025-11-09T14:32:42.177405Z,0.05,51,no,c1cad876-04c8-4eed-613e-178d4e3c1a44
KXATPMATCH-25NOV09ALCDE-DE,2025-11-09T14:32:42.177405Z,0.05,100,no,425cd323-fd86-479d-6d3c-0b7308b678ae
KXATPMATCH-25NOV09ALCDE-DE,2025-11-09T14:32:42.177405Z,0.05,49,no,3794ea6f-e42d-403b-5656-bc24e9b093d9
KXATPMATCH-25NOV09ALCDE-DE,2025-11-09T14:32:39.059179Z,0.06,1,yes,e3278aa4-393b-4b90-f106-f31a04c47093
KXATPMATCH-25NOV09ALCDE-DE,2025-11-09T14:32:37.555851Z,0.06,140,yes,b6b62b51-95ff-5a28-885a-f3fdb17f7de7
KXATPMATCH-25NOV09ALCDE-DE,2025-11-09T14:32:30.289169Z,0.06,15,yes,f014c75d-a63b-4e88-bc3a-e000fe86c933
KXATPMATCH-25NOV09ALCDE-DE,2025-11-09T14:32:18.664403Z,0.08,11,yes,9e2bb995-6ddb-60be-855d-d8e5ccabddd8
KXATPMATCH-25NOV09ALCDE-DE,2025-11-09T14:32:13.201046Z,0.08,20,yes,078b0434-2c5f-7636-eace-e1bf91484728
KXATPMATCH-25NOV09ALCDE-DE,2025-11-09T14:32:11.825889Z,0.05,101,no,4f1895c3-858d-7273-4ef2-80ff924d3565
KXATPMATCH-25NOV09ALCDE-DE,2025-11-09T14:31:59.156757Z,0.07,26,yes,eb0f2226-3ff6-7a84-87ba-1e3fac5f72a1
KXATPMATCH-25NOV09ALCDE-DE,2025-11-09T14:31:48.767735Z,0.07,1,yes,dea52134-713e-51a0-790d-444389cd99b5
KXATPMATCH-25NOV09ALCDE-DE,2025-11-09T14:31:39.041459Z,0.07,263,yes,373da8ff-21e2-5cec-8c2c-b1f0121b8859
KXATPMATCH-25NOV09ALCDE-DE,2025-11-09T14:31:35.88337Z,0.07,67,yes,16cee106-ff36-7958-977e-f6dc136fa2dd
KXATPMATCH-25NOV09ALCDE-DE,2025-11-09T14:31:35.75814Z,0.07,117,yes,95e58ee9-48bd-5c72-5af9-2dad7d174afd
KXATPMATCH-25NOV09ALCDE-DE,2025-11-09T14:31:35.75814Z,0.07,84,yes,44d0adc0-ce02-5794-4927-5003a4208b59
KXATPMATCH-25NOV09ALCDE-DE,2025-11-09T14:31:33.995194Z,0.07,50,yes,995745dd-10b9-435a-c6cd-3ffd2e7bd3b5
KXATPMATCH-25NOV09ALCDE-DE,2025-11-09T14:31:26.573354Z,0.07,10,yes,c3058b3c-ade9-5e76-7769-a0079348bef1
KXATPMATCH-25NOV09ALCDE-DE,2025-11-09T14:31:18.098859Z,0.07,321,yes,0af9c3f7-de55-7656-ebd1-cc42fa4f9401
KXATPMATCH-25NOV09ALCDE-DE,2025-11-09T14:31:14.744954Z,0.07,67,yes,be9cb547-a811-601a-fc96-e1fa2db242c1
KXATPMATCH-25NOV09ALCDE-DE,2025-11-09T14:31:14.243973Z,0.07,11,yes,6fb05a55-6e6d-4e8e-863c-e558dc227a6d
KXATPMATCH-25NOV09ALCDE-DE,2025-11-09T14:31:12.704139Z,0.07,134,yes,64fc4042-955d-7ff6-a14b-b13c00ce74e1
KXATPMATCH-25NOV09ALCDE-DE,2025-11-09T14:31:08.910853Z,0.06,500,yes,b55aac95-8b41-67c5-aecc-aacf6a42903a
KXATPMATCH-25NOV09ALCDE-DE,2025-11-09T14:31:08.910853Z,0.07,869,yes,5bf04e3d-a4bd-680a-9dc5-5f4ccff98a81
KXATPMATCH-25NOV09ALCDE-DE,2025-11-09T14:31:08.910853Z,0.06,50,yes,5821f7e1-c0f9-64c4-8bfc-65387828888d
KXATPMATCH-25NOV09ALCDE-DE,2025-11-09T14:31:07.146383Z,0.06,500,yes,248e1ecd-b201-6581-18c2-d3261fc6ad76
KXATPMATCH-25NOV09ALCDE-DE,2025-11-09T14:31:03.545302Z,0.06,200,yes,d5f9728b-599d-4121-e418-27dc981a09c2
KXATPMATCH-25NOV09ALCDE-DE,2025-11-09T14:31:01.834073Z,0.06,800,yes,be6be79f-1a95-48ad-a96f-cc92aa635ee6
KXATPMATCH-25NOV09ALCDE-DE,2025-11-09T14:31:01.834073Z,0.06,106,yes,6c4f2135-71a6-4747-9168-45714528ad74
KXATPMATCH-25NOV09ALCDE-DE,2025-11-09T14:31:01.463592Z,0.06,350,yes,7778002b-933c-7d53-a8cc-c22d353386f1
KXATPMATCH-25NOV09ALCDE-DE,2025-11-09T14:31:01.463592Z,0.06,56,yes,721cc81d-c438-7284-8db0-f42f927f0a90
KXATPMATCH-25NOV09ALCDE-DE,2025-11-09T14:31:01.463592Z,0.06,94,yes,4ebfe5a7-ad32-73c3-b731-90453c8c5d60
KXATPMATCH-25NOV09ALCDE-DE,2025-11-09T14:30:59.771575Z,0.06,781,yes,01618085-d754-4e6c-2d74-c15559e903f8
KXATPMATCH-25NOV09ALCDE-DE,2025-11-09T14:30:59.677046Z,0.05,403,no,e1c7918d-5f5f-59d7-9252-1952df46af52
KXATPMATCH-25NOV09ALCDE-DE,2025-11-09T14:30:53.241504Z,0.06,220,yes,590eb26d-d028-4468-968c-3502f9a79df8
KXATPMATCH-25NOV09ALCDE-DE,2025-11-09T14:30:49.88337Z,0.05,388,no,3a504e22-8b4f-4f33-a631-a92d76e54d36
KXATPMATCH-25NOV09ALCDE-DE,2025-11-09T14:30:49.829758Z,0.06,500,yes,afe8803f-2ca4-5268-2340-854715cc4d18
KXATPMATCH-25NOV09ALCDE-DE,2025-11-09T14:30:49.735815Z,0.06,22,yes,72ae1809-6390-5a64-a301-816005bd23a8
KXATPMATCH-25NOV09ALCDE-DE,2025-11-09T14:30:49.393535Z,0.05,263,no,dace6b03-8d73-4923-2a7a-b3cf7cc193aa
KXATPMATCH-25NOV09ALCDE-DE,2025-11-09T14:30:49.393535Z,0.05,287,no,b5e3cae2-79c7-4015-2ed9-e85625728924
KXATPMATCH-25NOV09ALCDE-DE,2025-11-09T14:30:45.533898Z,0.07,6,yes,a52d7a70-b1b2-7863-b5bb-4e213e4601a8
KXATPMATCH-25NOV09ALCDE-DE,2025-11-09T14:30:42.362944Z,0.06,15,no,c4d241fb-c617-58cd-1f98-1ac9d5dc0a1c
KXATPMATCH-25NOV09ALCDE-DE,2025-11-09T14:30:40.200069Z,0.07,335,yes,edd54daa-d7da-7b0b-ddb2-a4142b7b5670
KXATPMATCH-25NOV09ALCDE-DE,2025-11-09T14:30:35.950348Z,0.06,94,no,352e9fbf-d550-695b-7faf-cad1a17f390f
KXATPMATCH-25NOV09ALCDE-DE,2025-11-09T14:30:34.246803Z,0.07,268,yes,3d965627-038a-7da7-6cfc-be2931b79fec
KXATPMATCH-25NOV09ALCDE-DE,2025-11-09T14:30:33.97469Z,0.07,253,yes,bbe08b79-a5a2-6bef-e703-076f911dc360
KXATPMATCH-25NOV09ALCDE-DE,2025-11-09T14:30:33.97469Z,0.07,15,yes,89e906cb-bfce-6f9f-ea95-b2dd58d16cd8
KXATPMATCH-25NOV09ALCDE-DE,2025-11-09T14:30:32.476773Z,0.07,13,yes,1fc84c77-bfd2-467f-9885-834033587c80
KXATPMATCH-25NOV09ALCDE-DE,2025-11-09T14:30:31.204758Z,0.05,94,no,d8c128c3-9d7b-5115-66fc-13cbd08a83f4
KXATPMATCH-25NOV09ALCDE-DE,2025-11-09T14:30:30.982379Z,0.07,40,yes,93e0a9d1-fbde-4b9f-cebf-9bafc5e479ac
KXATPMATCH-25NOV09ALCDE-DE,2025-11-09T14:30:30.429704Z,0.07,350,yes,e5358b37-d60d-7a18-ae99-a03915fb9c62
KXATPMATCH-25NOV09ALCDE-DE,2025-11-09T14:30:30.429704Z,0.07,132,yes,7dd593b5-42c6-739f-aa86-92bb53420b10
KXATPMATCH-25NOV09ALCDE-DE,2025-11-09T14:30:30.429704Z,0.07,859,yes,0d4487eb-a758-77a4-9ebc-9a00394fe4e9
KXATPMATCH-25NOV09ALCDE-DE,2025-11-09T14:30:28.877277Z,0.07,670,yes,1ac2a528-5c8c-4820-6e3f-3d00b07030e5
KXATPMATCH-25NOV09ALCDE-DE,2025-11-09T14:30:27.771197Z,0.07,50,yes,5859d89f-39d0-695c-a55a-de72a233f881
KXATPMATCH-25NOV09ALCDE-DE,2025-11-09T14:30:25.397736Z,0.05,20,no,e9afc9e7-e4d5-6bc5-fdae-353a7f914caf
KXATPMATCH-25NOV09ALCDE-DE,2025-11-09T14:30:25.397736Z,0.05,708,no,d18e734c-85e9-6ba7-f5aa-a10bb5b4b4f3
KXATPMATCH-25NOV09ALCDE-DE,2025-11-09T14:30:25.397736Z,0.05,1619,no,99df9d03-92b3-6b69-e056-d094b6b0fed8
KXATPMATCH-25NOV09ALCDE-DE,2025-11-09T14:30:24.667352Z,0.06,917,yes,a9ae52c5-bff0-64c0-ba9d-6964e9a7c4b1
KXATPMATCH-25NOV09ALCDE-DE,2025-11-09T14:30:24.667352Z,0.06,626,yes,598084d4-c6a9-6726-bf1e-1a100555b21e
KXATPMATCH-25NOV09ALCDE-DE,2025-11-09T14:30:23.94867Z,0.05,771,no,93715760-2c51-7d47-64d2-ca7a195d3853
KXATPMATCH-25NOV09ALCDE-DE,2025-11-09T14:30:22.157416Z,0.06,500,yes,720b7451-9cdc-6f48-e4ce-fedb39955559
KXATPMATCH-25NOV09ALCDE-DE,2025-11-09T14:30:21.894911Z,0.06,22,yes,12027ab1-5d3c-55b4-98af-d3e7cd23dc59
KXATPMATCH-25NOV09ALCDE-DE,2025-11-09T14:30:21.028129Z,0.05,100,no,651e590b-f0e9-749b-b8b6-e56b8f462f03
KXATPMATCH-25NOV09ALCDE-DE,2025-11-09T14:30:20.357237Z,0.06,140,yes,6df0425f-5fa4-7024-1a78-1d3c5c6f29dd
KXATPMATCH-25NOV09ALCDE-DE,2025-11-09T14:30:03.976523Z,0.06,1548,yes,a0f8ba75-58f8-6fd1-a661-dcd58a245dbf
KXATPMATCH-25NOV09ALCDE-DE,2025-11-09T14:30:03.976523Z,0.06,1579,yes,26d6945d-260c-6b57-9fa1-9a71fabbf107
KXATPMATCH-25NOV09ALCDE-DE,2025-11-09T14:29:58.388028Z,0.06,529,no,c0f80f02-8ee7-48df-2707-0aec3cd9170f
KXATPMATCH-25NOV09ALCDE-DE,2025-11-09T14:29:57.799009Z,0.06,471,no,c7e84772-4083-4b0b-5a93-0d4b2fe1fcaf
KXATPMATCH-25NOV09ALCDE-DE,2025-11-09T14:29:56.074631Z,0.07,40,yes,ea08c35f-59cc-7fb4-3d36-39e6f04c666a
KXATPMATCH-25NOV09ALCDE-DE,2025-11-09T14:29:54.896327Z,0.07,20,no,58c55556-11f2-5ccf-4d09-36097ef6f8e5
KXATPMATCH-25NOV09ALCDE-DE,2025-11-09T14:29:45.734581Z,0.08,100,no,28452ea8-c527-6850-28bb-3f511451d568
KXATPMATCH-25NOV09ALCDE-DE,2025-11-09T14:29:37.606259Z,0.11,500,yes,cc04445e-026d-7888-6bd6-b1fc85ecfb51
KXATPMATCH-25NOV09ALCDE-DE,2025-11-09T14:29:37.136078Z,0.11,22,yes,acee8fce-e535-75bc-d660-d2c248b088fd
KXATPMATCH-25NOV09ALCDE-DE,2025-11-09T14:29:36.740084Z,0.11,128,yes,de2129a3-63e9-4098-3afe-622afc54b6b1
KXATPMATCH-25NOV09ALCDE-DE,2025-11-09T14:29:30.046626Z,0.11,505,yes,3f356a45-3741-7324-3b49-c14505a98a39
KXATPMATCH-25NOV09ALCDE-DE,2025-11-09T14:29:30.046626Z,0.11,350,yes,3106c0c4-d015-7936-0aac-6892bd97ae82
KXATPMATCH-25NOV09ALCDE-DE,2025-11-09T14:29:25.177027Z,0.1,15,no,b1e90f66-6ec0-754c-71ef-0f939d16517c
KXATPMATCH-25NOV09ALCDE-DE,2025-11-09T14:29:20.180133Z,0.12,94,yes,539c8054-529d-78ee-f6f9-2f694bd12f99
KXATPMATCH-25NOV09ALCDE-DE,2025-11-09T14:29:15.851896Z,0.1,77,no,961ad391-5262-55b2-c6dc-3e93023ca90c
KXATPMATCH-25NOV09ALCDE-DE,2025-11-09T14:29:15.851896Z,0.1,50,no,8a7832e9-b0bb-5eef-e3fc-d9906a3c4ef1
KXATPMATCH-25NOV09ALCDE-DE,2025-11-09T14:29:15.851896Z,0.1,10,no,5b8c8aa0-c88d-5d08-c3b3-bcef0c1865c4
KXATPMATCH-25NOV09ALCDE-DE,2025-11-09T14:29:15.851896Z,0.11,10,no,47628495-f8e9-5ee3-fd22-b3c4e00cff58
KXATPMATCH-25NOV09ALCDE-DE,2025-11-09T14:29:15.716304Z,0.14,22,yes,e607afd5-613d-4949-2cce-cb113cf53665
KXATPMATCH-25NOV09ALCDE-DE,2025-11-09T14:29:06.724951Z,0.14,26,yes,0f37e2d6-b3e9-65c9-61ca-6c8351a1a4c9
KXATPMATCH-25NOV09ALCDE-DE,2025-11-09T14:28:41.247889Z,0.13,100,no,db4106a4-b711-4796-6b4e-249e83315887
KXATPMATCH-25NOV09ALCDE-DE,2025-11-09T14:28:28.695499Z,0.15,94,yes,c63f861f-01f7-5fbe-772a-008146fbaab4
KXATPMATCH-25NOV09ALCDE-DE,2025-11-09T14:28:10.009213Z,0.17,36,yes,f8358341-7930-565a-9e03-d36729617de7
KXATPMATCH-25NOV09ALCDE-DE,2025-11-09T14:28:10.009213Z,0.17,8,yes,92e8fcb7-de4a-56c7-af49-35ff4fe45e32
KXATPMATCH-25NOV09ALCDE-DE,2025-11-09T14:28:08.0385Z,0.17,50,yes,de0e1cc7-72d1-578f-52e2-eb2d960af316
KXATPMATCH-25NOV09ALCDE-DE,2025-11-09T14:27:55.55568Z,0.14,140,no,d011e62f-807f-6336-63fe-c965173207a9
KXATPMATCH-25NOV09ALCDE-DE,2025-11-09T14:27:36.569722Z,0.15,64,yes,08430b9f-fc10-72d7-2ff6-d45236c2cf5a
KXATPMATCH-25NOV09ALCDE-DE,2025-11-09T14:27:35.98741Z,0.14,5,no,19c397a4-1e51-7a16-933f-87526733bb0c
KXATPMATCH-25NOV09ALCDE-DE,2025-11-09T14:27:24.530859Z,0.15,100,no,58cef05a-ade4-4d97-c9c5-ac79b0866a47
KXATPMATCH-25NOV09ALCDE-DE,2025-11-09T14:27:24.429757Z,0.16,30,yes,4d0940ec-533f-7251-55a0-720ffbb48ed3
KXATPMATCH-25NOV09ALCDE-DE,2025-11-09T14:27:22.208259Z,0.16,22,yes,b51a82b0-2e73-6b15-8e9c-5b7f8a23c72b
KXATPMATCH-25NOV09ALCDE-DE,2025-11-09T14:27:22.203275Z,0.16,334,no,d272f490-9eb8-7071-ea1d-4b434ea09982
KXATPMATCH-25NOV09ALCDE-DE,2025-11-09T14:27:17.356738Z,0.17,138,yes,6f052e53-3a25-7762-c5d1-0921b6904b51
KXATPMATCH-25NOV09ALCDE-DE,2025-11-09T14:27:15.44583Z,0.17,183,yes,1be459c7-3721-7c8e-bdc8-508799fb3589
KXATPMATCH-25NOV09ALCDE-DE,2025-11-09T14:27:15.03528Z,0.17,1041,yes,cdadb112-41e5-476e-317d-6991842d8d95
KXATPMATCH-25NOV09ALCDE-DE,2025-11-09T14:27:14.850013Z,0.17,5,yes,b1334edb-f1c5-7ab2-7830-6220633471c5
KXATPMATCH-25NOV09ALCDE-DE,2025-11-09T14:27:14.608445Z,0.15,200,no,1db6b51b-8eac-7040-8ee5-2a7bc1be682d
KXATPMATCH-25NOV09ALCDE-DE,2025-11-09T14:27:09.487909Z,0.16,2459,yes,46712507-2a1a-5f93-9b92-7ee2a91eb407
KXATPMATCH-25NOV09ALCDE-DE,2025-11-09T14:27:06.927548Z,0.16,200,yes,4cf4af4e-06f8-7292-e3ff-dcf4f22f07db
KXATPMATCH-25NOV09ALCDE-DE,2025-11-09T14:27:01.878201Z,0.16,50,yes,22e55f0c-ee37-4415-35af-dcdff16a20a3
KXATPMATCH-25NOV09ALCDE-DE,2025-11-09T14:27:01.878201Z,0.16,9,yes,088c8c98-cdcc-4c32-0be0-868092f105e7
KXATPMATCH-25NOV09ALCDE-DE,2025-11-09T14:26:59.292521Z,0.15,424,no,ed2c0196-a9fb-6f3e-7a9e-0d2ce98e307a
KXATPMATCH-25NOV09ALCDE-DE,2025-11-09T14:26:55.039047Z,0.15,1063,yes,46e1ce82-6004-6ee5-8b67-3c654777cd07
KXATPMATCH-25NOV09ALCDE-DE,2025-11-09T14:26:54.191681Z,0.15,925,yes,76a2ac4a-4354-6171-994c-c8a919479a9b
KXATPMATCH-25NOV09ALCDE-DE,2025-11-09T14:26:53.843647Z,0.15,10,yes,a70ae23f-342d-67f2-237a-bd5d36d61642
KXATPMATCH-25NOV09ALCDE-DE,2025-11-09T14:26:53.843647Z,0.15,12,yes,9cf75103-88ec-63bd-3bc9-41b838b9703b
KXATPMATCH-25NOV09ALCDE-DE,2025-11-09T14:26:36.625777Z,0.15,62,yes,8ef0d40d-e1eb-5d56-5e6b-3485dda7f2bc
KXATPMATCH-25NOV09ALCDE-DE,2025-11-09T14:26:36.487534Z,0.12,1500,no,8354cb25-80ec-5185-2721-b5e4b2c0ea1e
KXATPMATCH-25NOV09ALCDE-DE,2025-11-09T14:26:33.327636Z,0.15,31,yes,697802f2-2a9b-6ed2-7796-0164153181b8
KXATPMATCH-25NOV09ALCDE-DE,2025-11-09T14:26:31.842531Z,0.15,471,yes,533e943c-5bbf-7006-1162-facbb672fc50
KXATPMATCH-25NOV09ALCDE-DE,2025-11-09T14:26:31.298434Z,0.15,66,yes,b9d5aab2-f43f-493e-5afa-a79a2dafaeb0
KXATPMATCH-25NOV09ALCDE-DE,2025-11-09T14:26:30.162324Z,0.14,587,no,819bbde2-5236-4b71-ff88-60aaecfd81e7
KXATPMATCH-25NOV09ALCDE-DE,2025-11-09T14:26:26.568245Z,0.14,50,no,656f330e-8cd1-79b8-5466-d6576c0c64a9
KXATPMATCH-25NOV09ALCDE-DE,2025-11-09T14:26:23.961822Z,0.15,849,yes,6645d614-2d57-5cb6-4cd2-e02d00b5cc14
KXATPMATCH-25NOV09ALCDE-DE,2025-11-09T14:26:15.284388Z,0.15,6,yes,919ab899-22bf-6fd3-9ae5-2981090d8961
KXATPMATCH-25NOV09ALCDE-DE,2025-11-09T14:26:12.333539Z,0.15,62,yes,c62c9d7e-b543-71ff-566d-65265ed1b715
KXATPMATCH-25NOV09ALCDE-DE,2025-11-09T14:26:11.908897Z,0.13,156,no,471ff807-3c5f-53f1-7a1a-8a7bdea32845
KXATPMATCH-25NOV09ALCDE-DE,2025-11-09T14:26:08.942301Z,0.15,33,yes,c1cbba61-f6b7-6ec3-7303-98c49e5804c9
KXATPMATCH-25NOV09ALCDE-DE,2025-11-09T14:26:08.691848Z,0.15,157,yes,a3344e34-9b8f-61ff-f434-860c99616ea1
KXATPMATCH-25NOV09ALCDE-DE,2025-11-09T14:26:07.11395Z,0.15,6,yes,0ee2c716-5903-420f-eada-d3c2160b7d11
KXATPMATCH-25NOV09ALCDE-DE,2025-11-09T14:26:02.008397Z,0.15,20,yes,87ff1c03-3cb3-6d4f-108a-b211184e4689
KXATPMATCH-25NOV09ALCDE-DE,2025-11-09T14:25:58.597945Z,0.14,20,no,0856d357-263c-5bf6-4324-8765faf99482
KXATPMATCH-25NOV09ALCDE-DE,2025-11-09T14:25:57.785966Z,0.15,82,yes,bca11553-3e61-7c14-80de-bd37edb11572
KXATPMATCH-25NOV09ALCDE-DE,2025-11-09T14:25:57.785966Z,0.15,100,yes,2a5c40bf-0272-7ae5-9744-0a3a217cf095
KXATPMATCH-25NOV09ALCDE-DE,2025-11-09T14:25:51.99393Z,0.13,779,yes,3c1d231c-176b-6457-08ca-f951b543897e
KXATPMATCH-25NOV09ALCDE-DE,2025-11-09T14:25:50.863015Z,0.12,1000,yes,fae07903-c95d-750c-53f7-e496a40dbb53
KXATPMATCH-25NOV09ALCDE-DE,2025-11-09T14:25:50.863015Z,0.11,1000,yes,6cd441bc-156e-7392-5c0b-949a3c6bd238
KXATPMATCH-25NOV09ALCDE-DE,2025-11-09T14:25:43.679909Z,0.13,71,yes,5054524c-d6bb-465b-4d11-5e22ff41a612
KXATPMATCH-25NOV09ALCDE-DE,2025-11-09T14:25:43.679909Z,0.13,129,yes,01da26bb-ed13-4d20-6484-66863db9e705
KXATPMATCH-25NOV09ALCDE-DE,2025-11-09T14:25:42.088625Z,0.13,1450,yes,c3a2ea65-5fbf-7444-ad65-759f9d17ebe1
KXATPMATCH-25NOV09ALCDE-DE,2025-11-09T14:25:34.333061Z,0.13,20,yes,c9510af7-f1e6-7a92-44ed-1ebc6f2862af
KXATPMATCH-25NOV09ALCDE-DE,2025-11-09T14:25:34.333061Z,0.13,100,yes,ab0e20f9-b319-7be1-7970-5c77b15ac1fb
KXATPMATCH-25NOV09ALCDE-DE,2025-11-09T14:25:34.333061Z,0.13,25,yes,00d13284-c2d0-7cdd-77e2-06908c381863
KXATPMATCH-25NOV09ALCDE-DE,2025-11-09T14:25:29.777288Z,0.12,200,yes,4cb4c7ff-1a82-56ee-63e2-c1d154b17459
KXATPMATCH-25NOV09ALCDE-DE,2025-11-09T14:25:25.459454Z,0.12,117,yes,d2cbad52-f0b6-7466-9f6d-de8d95748525
KXATPMATCH-25NOV09ALCDE-DE,2025-11-09T14:25:20.636908Z,0.12,5,yes,0930e4e4-0e9e-55a6-7301-611374166c85
KXATPMATCH-25NOV09ALCDE-DE,2025-11-09T14:25:10.940349Z,0.13,1579,yes,fed5564e-540b-5e0b-69fd-33e4333df812
KXATPMATCH-25NOV09ALCDE-DE,2025-11-09T14:25:10.940349Z,0.13,768,yes,167e7801-de01-5528-78c1-9dd96048888d
KXATPMATCH-25NOV09ALCDE-DE,2025-11-09T14:25:06.610121Z,0.14,20,yes,d86e756a-2749-6eb5-ce01-3be0ae96fac4
KXATPMATCH-25NOV09ALCDE-DE,2025-11-09T14:25:04.796036Z,0.14,15,yes,423ebb9e-df5d-6ecd-0fa8-8ecc2ff6b81c
KXATPMATCH-25NOV09ALCDE-DE,2025-11-09T14:25:04.352172Z,0.14,100,yes,3314ff20-e51c-55bf-dc96-99220969e595
KXATPMATCH-25NOV09ALCDE-DE,2025-11-09T14:25:04.352172Z,0.14,34,yes,2ecae51f-e9a5-51e1-ff11-fe1bbbb16e68
KXATPMATCH-25NOV09ALCDE-DE,2025-11-09T14:24:54.431458Z,0.13,725,yes,a9ec063e-0af1-6b73-27fa-d0bc2658b34e
KXATPMATCH-25NOV09ALCDE-DE,2025-11-09T14:24:52.534119Z,0.13,72,yes,742f7a8e-8d11-71bf-6769-91d2ffdd8c7e
KXATPMATCH-25NOV09ALCDE-DE,2025-11-09T14:24:51.998487Z,0.13,1181,yes,8f86e49d-9dd6-4bb1-d821-50f74b91b7ba
KXATPMATCH-25NOV09ALCDE-DE,2025-11-09T14:24:51.998487Z,0.13,535,yes,658c7786-c48d-4c5f-db2e-4212b8be7416
KXATPMATCH-25NOV09ALCDE-DE,2025-11-09T14:24:50.643421Z,0.13,36,yes,824fb1ba-4fbe-5fc9-f0a6-a82e7f5f6f56
KXATPMATCH-25NOV09ALCDE-DE,2025-11-09T14:24:47.691058Z,0.13,217,yes,83ab4e8b-462a-54e5-4d37-d3c04da77642
KXATPMATCH-25NOV09ALCDE-DE,2025-11-09T14:24:42.884538Z,0.13,145,yes,64051d25-29c6-53c5-9dc1-cde6b46fbf2a
KXATPMATCH-25NOV09ALCDE-DE,2025-11-09T14:24:33.805801Z,0.12,136,no,1543cfd8-15a1-410f-e98e-b1cf59ccf9ef
KXATPMATCH-25NOV09ALCDE-DE,2025-11-09T14:24:30.73012Z,0.12,510,no,da3947d1-7619-74f3-3e65-1eaead8896cf
KXATPMATCH-25NOV09ALCDE-DE,2025-11-09T14:24:28.117502Z,0.11,200,yes,73ce124b-159d-4fd2-d15e-f9d824233041
KXATPMATCH-25NOV09ALCDE-DE,2025-11-09T14:24:28.117502Z,0.11,1000,yes,6038430a-0d76-414a-d349-da0106fc9d62
KXATPMATCH-25NOV09ALCDE-DE,2025-11-09T14:24:28.117502Z,0.11,345,yes,0b3935a7-b84f-4bbe-e5ce-b074e660e625
KXATPMATCH-25NOV09ALCDE-DE,2025-11-09T14:24:22.985749Z,0.09,279,no,866d4a14-8fae-4a03-a656-ebc8ee13ff94
KXATPMATCH-25NOV09ALCDE-DE,2025-11-09T14:24:22.260391Z,0.1,100,no,7e3830e5-e7a7-5414-ab55-a88ae5ac8e92
KXATPMATCH-25NOV09ALCDE-DE,2025-11-09T14:24:22.260391Z,0.09,11,no,5140ac2c-5aae-508f-884d-58a22e36df14
KXATPMATCH-25NOV09ALCDE-DE,2025-11-09T14:24:16.35973Z,0.11,5,yes,30c57bd4-0947-77fa-9649-3aa7f01ae441
KXATPMATCH-25NOV09ALCDE-DE,2025-11-09T14:24:04.452648Z,0.1,200,yes,e37f6023-7328-75db-e69a-b1a82d042d2d
KXATPMATCH-25NOV09ALCDE-DE,2025-11-09T14:24:04.238626Z,0.1,500,yes,e94ae888-1760-525b-a977-80dcab0260c9
KXATPMATCH-25NOV09ALCDE-DE,2025-11-09T14:24:03.261942Z,0.1,94,yes,71d6fab7-7e54-641b-cbc0-ddc0982f0285
KXATPMATCH-25NOV09ALCDE-DE,2025-11-09T14:24:02.483702Z,0.1,169,yes,f007b3c3-2a38-43c3-2b6f-49eed3ce6f9d
KXATPMATCH-25NOV09ALCDE-DE,2025-11-09T14:24:02.39314Z,0.1,10,yes,b92d0707-bb20-44f7-3b31-c1ade02d2789
KXATPMATCH-25NOV09ALCDE-DE,2025-11-09T14:24:01.226794Z,0.1,47,yes,986e995c-cae0-50db-f41c-eab86c97d06d
KXATPMATCH-25NOV09ALCDE-DE,2025-11-09T14:24:00.516446Z,0.1,1500,yes,5f756a2c-fcd6-6f45-27ba-b05a3336dc70
KXATPMATCH-25NOV09ALCDE-DE,2025-11-09T14:24:00.516446Z,0.1,300,yes,5598e3f6-0afc-616b-1e13-4b3df7aeb55d
KXATPMATCH-25NOV09ALCDE-DE,2025-11-09T14:23:56.991019Z,0.1,500,yes,671591eb-e9ae-56b9-dc26-4bac74aeba80
KXATPMATCH-25NOV09ALCDE-DE,2025-11-09T14:23:55.618127Z,0.1,25,yes,f2839bf7-7437-76d4-d2d6-1bd1dba77849
KXATPMATCH-25NOV09ALCDE-DE,2025-11-09T14:23:50.256296Z,0.1,112,yes,5514a2b1-e467-6f38-a7e2-a4a989fa7619
KXATPMATCH-25NOV09ALCDE-DE,2025-11-09T14:23:49.856149Z,0.1,18,yes,f03c4b33-abe3-68d0-82e0-e7dd0edf813d
KXATPMATCH-25NOV09ALCDE-DE,2025-11-09T14:23:47.589917Z,0.1,940,yes,1d95b03c-744a-64a7-e7a9-a4ad17d22ffb
KXATPMATCH-25NOV09ALCDE-DE,2025-11-09T14:23:40.13009Z,0.07,100,yes,66660324-bbe4-5bed-1c61-01334ef9091b
KXATPMATCH-25NOV09ALCDE-DE,2025-11-09T14:23:39.593553Z,0.07,134,yes,51eb93ae-1f14-75e1-e573-28b529bd95eb
KXATPMATCH-25NOV09ALCDE-DE,2025-11-09T14:23:39.140316Z,0.07,3,yes,b6d6bb96-57c4-4421-17b1-2429f65601b7
KXATPMATCH-25NOV09ALCDE-DE,2025-11-09T14:23:36.987064Z,0.07,928,yes,ed422af6-acdd-7581-e6aa-f9e96ab280ca
KXATPMATCH-25NOV09ALCDE-DE,2025-11-09T14:23:36.987064Z,0.07,1754,yes,524b89f8-3bb0-7489-f007-102f088a34cb
KXATPMATCH-25NOV09ALCDE-DE,2025-11-09T14:23:33.768376Z,0.07,72,yes,59e8097c-d1cd-5595-71ed-a1fedc2a2072
KXATPMATCH-25NOV09ALCDE-DE,2025-11-09T14:23:33.768376Z,0.07,428,yes,419c4e2f-8bad-57ef-4358-65de0df7f5fe
KXATPMATCH-25NOV09ALCDE-DE,2025-11-09T14:23:30.70154Z,0.07,25,yes,9afa1183-a06d-4adf-04fc-246769acd5f6
KXATPMATCH-25NOV09ALCDE-DE,2025-11-09T14:23:30.260043Z,0.07,47,yes,af20df8e-52b1-5057-2b69-bbfa2a94489a
KXATPMATCH-25NOV09ALCDE-DE,2025-11-09T14:23:24.16256Z,0.06,90,no,a6d01685-9f10-7b3d-ed0f-3d236e1feb42
KXATPMATCH-25NOV09ALCDE-DE,2025-11-09T14:23:15.611497Z,0.06,8552,yes,9ec64729-e15f-4bf3-951c-528eba35acba
KXATPMATCH-25NOV09ALCDE-DE,2025-11-09T14:23:15.611497Z,0.06,1000,yes,76201d8f-3e4f-4a52-89d9-799cc307bc5f
KXATPMATCH-25NOV09ALCDE-DE,2025-11-09T14:23:15.033306Z,0.06,50,yes,9e094ad7-42d7-54ff-2d34-c27b4d320922
KXATPMATCH-25NOV09ALCDE-DE,2025-11-09T14:23:08.34998Z,0.06,2,yes,dfeb80c5-317b-510f-9626-3fd89785b7aa
KXATPMATCH-25NOV09ALCDE-DE,2025-11-09T14:23:07.758746Z,0.06,234,yes,2b072812-9417-7b33-be3b-56cfeff8830a
KXATPMATCH-25NOV09ALCDE-DE,2025-11-09T14:23:05.904903Z,0.06,156,yes,6cb6146b-8c2b-6d1b-cfbb-af0d46914f12
KXATPMATCH-25NOV09ALCDE-DE,2025-11-09T14:23:03.87086Z,0.06,1000,yes,30f561d9-56af-6bc3-f446-c48f0481333a
KXATPMATCH-25NOV09ALCDE-DE,2025-11-09T14:23:00.243293Z,0.06,6,yes,fc3e2622-b0a3-7ba3-0df2-f4a7ab0a168a
KXATPMATCH-25NOV09ALCDE-DE,2025-11-09T14:23:00.243293Z,0.06,14,yes,6aa5a15e-ecb1-7f18-3876-a7aa97eeae33
KXATPMATCH-25NOV09ALCDE-DE,2025-11-09T14:22:57.345925Z,0.06,1563,yes,d7d183ed-bef1-75f8-bc18-5710fc4da5a7
KXATPMATCH-25NOV09ALCDE-DE,2025-11-09T14:22:53.950396Z,0.06,29,yes,f4d9463b-e586-682b-ab9c-ecb089efa296
KXATPMATCH-25NOV09ALCDE-DE,2025-11-09T14:22:53.950396Z,0.06,2,yes,e354381f-2275-6130-8cd2-978f9929e80f
KXATPMATCH-25NOV09ALCDE-DE,2025-11-09T14:22:52.370618Z,0.06,10,yes,e92d95f7-d8ca-694f-c9fb-71ce4bc67352
KXATPMATCH-25NOV09ALCDE-DE,2025-11-09T14:22:51.970229Z,0.05,4,no,4abc6322-a442-6ae0-1f94-1c90381a1bbc
KXATPMATCH-25NOV09ALCDE-DE,2025-11-09T14:22:50.57192Z,0.06,100,yes,41ea9b39-98c6-6f13-8f75-df28ff1df88a
KXATPMATCH-25NOV09ALCDE-DE,2025-11-09T14:22:43.948437Z,0.06,78,yes,dc03193d-a97a-56a7-99ce-b547b394d2c6
KXATPMATCH-25NOV09ALCDE-DE,2025-11-09T14:22:43.787121Z,0.06,20,yes,85b64961-19ee-499f-e196-aa385b70c296
KXATPMATCH-25NOV09ALCDE-DE,2025-11-09T14:22:42.171271Z,0.06,6,yes,9dbc84a0-9926-626f-4117-f09017a1670a
KXATPMATCH-25NOV09ALCDE-DE,2025-11-09T14:22:41.989868Z,0.06,15,yes,84c8b599-053e-51f3-8827-78b64a2f0d56
KXATPMATCH-25NOV09ALCDE-DE,2025-11-09T14:22:40.29194Z,0.06,15,yes,2691d19a-9e82-6d4f-9a1a-7851e364a5f2
KXATPMATCH-25NOV09ALCDE-DE,2025-11-09T14:22:36.313854Z,0.05,223,no,f4d28148-cc9e-62e4-49be-59bae5525440
KXATPMATCH-25NOV09ALCDE-DE,2025-11-09T14:22:32.545364Z,0.06,140,yes,2507c7ed-9d2a-4b9f-a2a3-40889171f9e2
KXATPMATCH-25NOV09ALCDE-DE,2025-11-09T14:22:29.055796Z,0.05,217,no,495ac10b-e002-7898-37eb-f3ce29e9f594
KXATPMATCH-25NOV09ALCDE-DE,2025-11-09T14:22:26.576553Z,0.05,15,no,1e2bd902-f386-5558-8466-65974fbd3608
KXATPMATCH-25NOV09ALCDE-DE,2025-11-09T14:22:24.951926Z,0.06,1563,yes,e38ca8bf-14aa-699b-d80e-68fde2b1bb02
KXATPMATCH-25NOV09ALCDE-DE,2025-11-09T14:22:22.62554Z,0.06,16,yes,fa6e2176-b5d3-436f-d7e6-fd8e18449b7c
KXATPMATCH-25NOV09ALCDE-DE,2025-11-09T14:22:22.62554Z,0.06,24,yes,25b4049b-af86-49ef-ccd6-52ea48cbf75a
KXATPMATCH-25NOV09ALCDE-DE,2025-11-09T14:22:18.291083Z,0.06,1563,yes,86c11297-174f-54ab-e5ab-4a2f2323f80c
KXATPMATCH-25NOV09ALCDE-DE,2025-11-09T14:22:17.130364Z,0.06,400,no,5aa28c9f-c388-7383-f20e-1bd0fd125acf
KXATPMATCH-25NOV09ALCDE-DE,2025-11-09T14:22:17.130364Z,0.06,164,no,25488161-87aa-70c4-ebde-eeb5b1be1ae2
KXATPMATCH-25NOV09ALCDE-DE,2025-11-09T14:22:14.971214Z,0.08,23,yes,bf7f2ce3-2cc3-7070-8bf3-01480ea1550b
KXATPMATCH-25NOV09ALCDE-DE,2025-11-09T14:22:11.898609Z,0.08,75,yes,7a4f8d73-6b5f-4d0c-84d5-fcd4c7395467
KXATPMATCH-25NOV09ALCDE-DE,2025-11-09T14:22:10.569213Z,0.08,500,yes,4f3ad748-2fb3-7b68-69f3-ac4c321530b3
KXATPMATCH-25NOV09ALCDE-DE,2025-11-09T14:22:03.366609Z,0.07,10,yes,8b4e8a6d-0d4f-689d-4378-c21e64665e83
KXATPMATCH-25NOV09ALCDE-DE,2025-11-09T14:22:00.774674Z,0.07,200,yes,9b01ef04-5d7b-4741-0569-422e096f391d
KXATPMATCH-25NOV09ALCDE-DE,2025-11-09T14:22:00.774674Z,0.08,900,yes,800db1ad-ae9f-47e8-2d76-6d08c000bbd7
KXATPMATCH-25NOV09ALCDE-DE,2025-11-09T14:22:00.774674Z,0.07,113,yes,34825de7-8e71-431e-37c9-9af6e7f9f35a
KXATPMATCH-25NOV09ALCDE-DE,2025-11-09T14:21:58.371262Z,0.07,73,yes,bb38200b-e0c0-505c-2fd4-ffa56835255e
KXATPMATCH-25NOV09ALCDE-DE,2025-11-09T14:21:57.184738Z,0.06,36,no,fe686798-ed7a-75d8-b844-32d7384e6266
KXATPMATCH-25NOV09ALCDE-DE,2025-11-09T14:21:55.49856Z,0.07,40,yes,9d83d3af-4560-5228-bb52-8cbade586fb2
KXATPMATCH-25NOV09ALCDE-DE,2025-11-09T14:21:53.782155Z,0.07,65,yes,99f1cc93-c2a4-64f9-14cf-01d1a0845fc3
KXATPMATCH-25NOV09ALCDE-DE,2025-11-09T14:21:52.527679Z,0.07,1341,yes,8c2c729d-955c-63f9-de34-4f34d16e7e77
KXATPMATCH-25NOV09ALCDE-DE,2025-11-09T14:21:51.881992Z,0.07,67,yes,78ea9826-0e90-5105-5055-cc2def166efb
KXATPMATCH-25NOV09ALCDE-DE,2025-11-09T14:21:51.8284Z,0.07,25,yes,7ff5aa3f-d970-6281-60eb-7bb36e8fe62f
KXATPMATCH-25NOV09ALCDE-DE,2025-11-09T14:21:49.43158Z,0.07,293,yes,bd1ad7c3-bcfe-7c15-71d4-4724235470c1
KXATPMATCH-25NOV09ALCDE-DE,2025-11-09T14:21:49.43158Z,0.07,36,yes,536b66f3-cf60-7649-4c5a-799809b88b43
KXATPMATCH-25NOV09ALCDE-DE,2025-11-09T14:21:47.595291Z,0.07,293,yes,ee208b4a-96b5-6b39-3e34-23297df68828
KXATPMATCH-25NOV09ALCDE-DE,2025-11-09T14:21:46.050995Z,0.08,10,yes,1ef78057-9f8f-5f68-5baf-ee672db7fd18
KXATPMATCH-25NOV09ALCDE-DE,2025-11-09T14:21:38.742029Z,0.08,117,yes,1ed44884-ee0b-7630-d512-90e733e3c474
KXATPMATCH-25NOV09ALCDE-DE,2025-11-09T14:21:37.801474Z,0.08,587,yes,eb3e4959-f023-43c4-51a4-5616635d33cc
KXATPMATCH-25NOV09ALCDE-DE,2025-11-09T14:21:32.648864Z,0.06,200,yes,4bc085c1-d4c6-6902-4502-89ab140627d9
KXATPMATCH-25NOV09ALCDE-DE,2025-11-09T14:21:30.941318Z,0.08,168,no,fbb74589-9a67-5009-ab97-84ebbb531ced
KXATPMATCH-25NOV09ALCDE-DE,2025-11-09T14:21:30.941318Z,0.09,100,no,52613334-6847-577c-bf82-d5e1b18752ca
KXATPMATCH-25NOV09ALCDE-DE,2025-11-09T14:21:30.941318Z,0.09,200,no,3f18cb25-f745-5bdf-a140-94a318360440
KXATPMATCH-25NOV09ALCDE-DE,2025-11-09T14:21:30.941318Z,0.08,1000,no,1cebc30b-851d-5d9f-ae01-2cc08f10fcb4
KXATPMATCH-25NOV09ALCDE-DE,2025-11-09T14:21:30.941318Z,0.08,25,no,1b1baaaa-4d25-5717-9296-129f3313098a
KXATPMATCH-25NOV09ALCDE-DE,2025-11-09T14:21:25.435632Z,0.11,470,yes,6acc41c5-38b2-52f4-52bd-c44b463ebf3e
KXATPMATCH-25NOV09ALCDE-DE,2025-11-09T14:21:25.415699Z,0.11,42,yes,21eb9adb-4f2e-70b4-7430-5b59184432d6
KXATPMATCH-25NOV09ALCDE-DE,2025-11-09T14:21:22.62344Z,0.11,8,yes,f987f9bf-c5ce-6b1c-754c-a3510a582c4a
KXATPMATCH-25NOV09ALCDE-DE,2025-11-09T14:21:21.82384Z,0.11,10,yes,eda41f9d-8a42-52d0-5ea8-feb6f012cf8e
KXATPMATCH-25NOV09ALCDE-DE,2025-11-09T14:21:20.774648Z,0.11,427,yes,fc38d5e6-5d3a-45b8-4e52-46309949efca
KXATPMATCH-25NOV09ALCDE-DE,2025-11-09T14:21:19.452676Z,0.11,8,yes,506096a1-f632-71cc-6268-999c19d28bc6
KXATPMATCH-25NOV09ALCDE-DE,2025-11-09T14:21:19.013277Z,0.11,8,yes,aa74a151-2d5e-4d40-6069-94a5985d0242
KXATPMATCH-25NOV09ALCDE-DE,2025-11-09T14:21:04.520682Z,0.1,44,no,03ce756c-e2bf-4520-e0b3-a585603a7ae9
KXATPMATCH-25NOV09ALCDE-DE,2025-11-09T14:20:56.618814Z,0.11,100,yes,afb04904-3c7f-6f46-29f5-83ee8097ecd8
KXATPMATCH-25NOV09ALCDE-DE,2025-11-09T14:20:54.118593Z,0.11,35,yes,1b0b8a59-bc83-43fe-bc3e-5169963e1400
KXATPMATCH-25NOV09ALCDE-DE,2025-11-09T14:20:49.034758Z,0.13,14,yes,f406d6bc-af3e-4085-da66-155d8aa9a50d
KXATPMATCH-25NOV09ALCDE-DE,2025-11-09T14:20:48.777071Z,0.13,8,yes,51088168-96d2-7e21-fb62-2eef08bf7651
KXATPMATCH-25NOV09ALCDE-DE,2025-11-09T14:20:44.903325Z,0.1,54,no,f7edf92d-8123-7e54-8d13-529995e71f79
KXATPMATCH-25NOV09ALCDE-DE,2025-11-09T14:20:44.903325Z,0.12,25,no,9d9b6890-abf1-7d92-b30b-495ab52e5fd7
KXATPMATCH-25NOV09ALCDE-DE,2025-11-09T14:20:44.903325Z,0.12,15,no,6df8926c-bdde-77c6-9606-5da828e8b6c2
KXATPMATCH-25NOV09ALCDE-DE,2025-11-09T14:20:44.260229Z,0.13,217,yes,0c6c89df-44c2-69fc-fd69-2e0e53a9fd42
KXATPMATCH-25NOV09ALCDE-DE,2025-11-09T14:20:32.613372Z,0.13,25,yes,293ff794-19f2-7430-0bdb-19387cc8a69f
KXATPMATCH-25NOV09ALCDE-DE,2025-11-09T14:20:21.858433Z,0.13,101,yes,7dc7ec6a-1781-42a6-7fb7-17d6ad9a55e7
KXATPMATCH-25NOV09ALCDE-DE,2025-11-09T14:20:17.344264Z,0.13,72,yes,5bc2f970-f939-4356-6867-44abca7f3157
KXATPMATCH-25NOV09ALCDE-DE,2025-11-09T14:20:16.646054Z,0.13,36,yes,f8c6da85-c9cd-6c02-4353-731221246403
KXATPMATCH-25NOV09ALCDE-DE,2025-11-09T14:20:14.160252Z,0.13,1,yes,15eef0e6-ff85-6eca-aeef-24f186e8f013
KXATPMATCH-25NOV09ALCDE-DE,2025-11-09T14:20:12.10904Z,0.13,100,yes,9ab592fc-d3c2-4482-f045-3ab5d9085c41
KXATPMATCH-25NOV09ALCDE-DE,2025-11-09T14:19:52.275947Z,0.1,2,no,167ca0f3-4e47-4dec-22d4-2ded8b6ecdf9
KXATPMATCH-25NOV09ALCDE-DE,2025-11-09T14:19:39.268108Z,0.13,67,yes,580bac8b-8d01-40cd-0c56-059291d59df6
KXATPMATCH-25NOV09ALCDE-DE,2025-11-09T14:19:38.672358Z,0.11,1000,no,2f6e3abb-f42c-7b6e-0441-3dafd59cfdc0
KXATPMATCH-25NOV09ALCDE-DE,2025-11-09T14:19:38.672358Z,0.11,4000,no,0196866e-5173-7fec-12a9-fb893a192dac
KXATPMATCH-25NOV09ALCDE-DE,2025-11-09T14:19:37.460929Z,0.13,14,yes,1cd96c58-c491-5bb1-f5cb-cc0b72ea2b92
KXATPMATCH-25NOV09ALCDE-DE,2025-11-09T14:19:33.297872Z,0.13,260,yes,e23f0638-1ac1-60ad-1077-8c7c9378bc96
KXATPMATCH-25NOV09ALCDE-DE,2025-11-09T14:19:22.743501Z,0.13,58,yes,9d30b9dd-df25-6c96-d637-6610849be087
KXATPMATCH-25NOV09ALCDE-DE,2025-11-09T14:19:14.622289Z,0.13,25,yes,22a3c149-9fa9-70c6-b472-dadf8aa88847
KXATPMATCH-25NOV09ALCDE-DE,2025-11-09T14:19:11.768012Z,0.13,79,yes,596e9963-0971-7c76-ebe0-b94fd73b97f3
KXATPMATCH-25NOV09ALCDE-DE,2025-11-09T14:19:10.8014Z,0.12,10000,no,768e83b4-be8c-7bf5-29bf-d98e7371b7bc
KXATPMATCH-25NOV09ALCDE-DE,2025-11-09T14:19:10.8014Z,0.12,100,no,4c05daff-9e5d-717e-02e7-ffbc73253754
KXATPMATCH-25NOV09ALCDE-DE,2025-11-09T14:19:06.182976Z,0.13,217,yes,f643f82e-b6ad-6882-ced1-ea2dafca7243
KXATPMATCH-25NOV09ALCDE-DE,2025-11-09T14:19:05.854528Z,0.13,36,yes,fecec52b-3989-648e-38f1-c72b669a1983
KXATPMATCH-25NOV09ALCDE-DE,2025-11-09T14:19:00.919202Z,0.13,10,yes,879b6c25-aeb1-6b2e-7245-249c67a4c77b
KXATPMATCH-25NOV09ALCDE-DE,2025-11-09T14:18:58.552379Z,0.13,649,yes,934de08f-02b1-7a82-2e08-fbefa6ff58d3
KXATPMATCH-25NOV09ALCDE-DE,2025-11-09T14:18:57.295049Z,0.13,419,yes,81faad7d-8f95-5e36-5f8b-98d0aaebbdff
KXATPMATCH-25NOV09ALCDE-DE,2025-11-09T14:18:53.418642Z,0.13,21,yes,dd1314a6-5569-57ee-112f-5a5307dd29b7
KXATPMATCH-25NOV09ALCDE-DE,2025-11-09T14:18:49.731635Z,0.13,5,yes,a8ab6268-f125-4186-bf90-da540cf3883b
KXATPMATCH-25NOV09ALCDE-DE,2025-11-09T14:18:48.839389Z,0.13,21,yes,cc591a08-9535-41c2-4277-5d8a69925c23
KXATPMATCH-25NOV09ALCDE-DE,2025-11-09T14:18:47.724872Z,0.13,252,yes,2bbd2abe-4e31-4b85-1a93-8fe2289ac3fc
KXATPMATCH-25NOV09ALCDE-DE,2025-11-09T14:18:47.724872Z,0.13,748,yes,1a9bcb3c-78c9-48fe-0510-e95e14007b93
KXATPMATCH-25NOV09ALCDE-DE,2025-11-09T14:18:44.477201Z,0.12,1365,no,9b4b8600-2faa-7a27-0d98-c9a1da13e3d5
KXATPMATCH-25NOV09ALCDE-DE,2025-11-09T14:18:41.431636Z,0.13,92,yes,7a86aa03-c711-67f9-ba29-b591e8dbc868
KXATPMATCH-25NOV09ALCDE-DE,2025-11-09T14:18:37.930293Z,0.12,100,no,301fb190-247a-5297-f0f7-56cad0781569
KXATPMATCH-25NOV09ALCDE-DE,2025-11-09T14:18:32.204465Z,0.12,1555,no,5fbbf47e-262a-6247-7a20-207061c72691
KXATPMATCH-25NOV09ALCDE-DE,2025-11-09T14:18:31.648828Z,0.13,145,yes,b3ccbf83-1861-7d21-5c61-280c009113d8
KXATPMATCH-25NOV09ALCDE-DE,2025-11-09T14:18:26.476274Z,0.13,7,yes,36fb5b61-7b1d-523d-c76f-9316ff7baf80
KXATPMATCH-25NOV09ALCDE-DE,2025-11-09T14:18:20.581177Z,0.12,24,no,ffb02d30-e492-647f-4427-80ca3157bf1d
KXATPMATCH-25NOV09ALCDE-DE,2025-11-09T14:18:19.8015Z,0.12,1579,no,a5e04101-1f94-5176-96c4-dc6d9a99c080
KXATPMATCH-25NOV09ALCDE-DE,2025-11-09T14:18:19.738211Z,0.13,36,yes,e785cda0-31f9-6109-22a7-35941d30269c
KXATPMATCH-25NOV09ALCDE-DE,2025-11-09T14:18:18.301177Z,0.13,217,yes,c4da92e4-9a2d-7469-7ee5-a203bf41bf84
KXATPMATCH-25NOV09ALCDE-DE,2025-11-09T14:18:14.52376Z,0.13,72,yes,77a8690a-1bb9-6b99-4c02-9b1e4efff8fc
KXATPMATCH-25NOV09ALCDE-DE,2025-11-09T14:18:08.957705Z,0.13,50,yes,507103a1-7e61-6efd-8da2-029cb36a760c
KXATPMATCH-25NOV09ALCDE-DE,2025-11-09T14:18:08.08304Z,0.12,94,no,80d7b718-9edc-4cfc-7a21-d11c3feff5bb
KXATPMATCH-25NOV09ALCDE-DE,2025-11-09T14:18:08.08304Z,0.12,2000,no,6897000b-2cde-4265-41b2-61918b571c6e
KXATPMATCH-25NOV09ALCDE-DE,2025-11-09T14:18:08.08304Z,0.12,757,no,678b170b-4437-4df3-6e6f-e8a5c6a94835
KXATPMATCH-25NOV09ALCDE-DE,2025-11-09T14:18:05.491056Z,0.13,50,yes,adc13544-cb6d-6e79-71e0-de522dae2ee4
KXATPMATCH-25NOV09ALCDE-DE,2025-11-09T14:18:02.261709Z,0.12,47,no,cdb43ad5-9ee3-705f-c39d-3c7b773e4cd9
KXATPMATCH-25NOV09ALCDE-DE,2025-11-09T14:17:54.782468Z,0.12,775,no,8dde84d5-7d57-608b-5869-d3f930d75441
KXATPMATCH-25NOV09ALCDE-DE,2025-11-09T14:17:52.328094Z,0.13,80,yes,a98679c5-30fd-4235-46d1-425b9cbdb65c
KXATPMATCH-25NOV09ALCDE-DE,2025-11-09T14:17:52.311957Z,0.13,50,yes,2fc12e72-20c5-5331-2f1c-1b8785c38bd8
KXATPMATCH-25NOV09ALCDE-DE,2025-11-09T14:17:51.534278Z,0.13,50,yes,1b6bf00c-1915-760d-8137-91071a1a7028
KXATPMATCH-25NOV09ALCDE-DE,2025-11-09T14:17:50.733489Z,0.13,282,yes,919a98bd-d8dd-4349-adb7-2673e4bf9ecc
KXATPMATCH-25NOV09ALCDE-DE,2025-11-09T14:17:48.738068Z,0.12,1574,no,e220f941-b55e-74d4-5266-14b02d87b5cc
KXATPMATCH-25NOV09ALCDE-DE,2025-11-09T14:17:46.142492Z,0.12,5,no,103d0a8f-bab2-7070-49f5-4d2b83d7267c
KXATPMATCH-25NOV09ALCDE-DE,2025-11-09T14:17:45.568187Z,0.12,166,no,e0a4e2be-93d2-79b4-a44c-b750315cd7b4
KXATPMATCH-25NOV09ALCDE-DE,2025-11-09T14:17:45.568187Z,0.12,5,no,89da59bc-1631-7ba0-9a1d-2cac0aa14818
KXATPMATCH-25NOV09ALCDE-DE,2025-11-09T14:17:43.453341Z,0.13,25,yes,a4158823-6d49-6b69-c3f7-85f777764124
KXATPMATCH-25NOV09ALCDE-DE,2025-11-09T14:17:43.370139Z,0.13,500,yes,68f97f85-7e85-7b8d-64b3-26f6f229a564
KXATPMATCH-25NOV09ALCDE-DE,2025-11-09T14:17:43.342401Z,0.13,332,yes,4e8aee3f-61f6-7c31-ad34-9c2726cf2d66
KXATPMATCH-25NOV09ALCDE-DE,2025-11-09T14:17:43.342401Z,0.13,92,yes,09505610-9fb1-7929-b16b-059b9babccc0
KXATPMATCH-25NOV09ALCDE-DE,2025-11-09T14:17:42.696204Z,0.13,200,yes,8426485d-514a-5b75-9ad1-be296f9c3472
KXATPMATCH-25NOV09ALCDE-DE,2025-11-09T14:17:41.480386Z,0.13,725,yes,532a8bf3-b5d6-479d-9e48-901828df5f92
KXATPMATCH-25NOV09ALCDE-DE,2025-11-09T14:17:39.769016Z,0.13,203,yes,c11d93ca-db1e-5169-4e3b-43cf3855592e
KXATPMATCH-25NOV09ALCDE-DE,2025-11-09T14:17:36.745812Z,0.13,72,yes,e7f57ffd-01e6-6d5d-f247-a4d002bf3a0e
KXATPMATCH-25NOV09ALCDE-DE,2025-11-09T14:17:35.448452Z,0.13,145,yes,e76fa9a3-a4b6-7e31-a44c-c27b932ced2a
KXATPMATCH-25NOV09ALCDE-DE,2025-11-09T14:17:34.712363Z,0.12,394,no,be7d1df0-fb82-51e0-2377-24a2c79cd1c4
KXATPMATCH-25NOV09ALCDE-DE,2025-11-09T14:17:34.220056Z,0.13,21,yes,a4d2564a-d2be-5d95-b9e2-0cc0afe3987e
KXATPMATCH-25NOV09ALCDE-DE,2025-11-09T14:17:31.519652Z,0.13,725,yes,34588a5c-ca46-4379-89da-c55bdeaf7db6
KXATPMATCH-25NOV09ALCDE-DE,2025-11-09T14:17:22.016089Z,0.13,543,yes,e1346849-c73a-5225-8883-928722d3344e
KXATPMATCH-25NOV09ALCDE-DE,2025-11-09T14:17:21.04575Z,0.12,1019,no,de347741-81ee-6e14-c98e-2c1c14f0a380
KXATPMATCH-25NOV09ALCDE-DE,2025-11-09T14:17:20.630546Z,0.13,3,yes,7532e552-f96e-5b6d-c9a3-ebd713d83066
KXATPMATCH-25NOV09ALCDE-DE,2025-11-09T14:17:19.468385Z,0.13,181,yes,8a013702-9602-78a9-2871-837b515d39ce
KXATPMATCH-25NOV09ALCDE-DE,2025-11-09T14:17:18.998359Z,0.13,200,yes,c21e3b2c-493e-5f41-248d-fce221c35476
KXATPMATCH-25NOV09ALCDE-DE,2025-11-09T14:17:18.335866Z,0.13,362,yes,abd97a2a-ba66-64d5-57f3-61d36cfeb3f2
KXATPMATCH-25NOV09ALCDE-DE,2025-11-09T14:17:17.660406Z,0.13,362,yes,c1f33008-be2a-53a9-2a14-6a0424fdbcf2
KXATPMATCH-25NOV09ALCDE-DE,2025-11-09T14:17:17.01918Z,0.13,36,yes,eef9a30a-f78e-4185-80dd-b34aaf51c18a
KXATPMATCH-25NOV09ALCDE-DE,2025-11-09T14:17:15.642742Z,0.13,20,yes,46bbb94a-3ace-7fd9-e4c8-af85afe6b382
KXATPMATCH-25NOV09ALCDE-DE,2025-11-09T14:17:15.63524Z,0.13,145,yes,fb4820b8-6a5a-7d75-0b95-72908678bec2
KXATPMATCH-25NOV09ALCDE-DE,2025-11-09T14:17:15.112093Z,0.13,725,yes,50632036-a526-5c31-8405-b6f122798f16
KXATPMATCH-25NOV09ALCDE-DE,2025-11-09T14:17:12.052629Z,0.14,100,yes,3e1fb888-664b-472a-3b07-c936f6a95b1f
KXATPMATCH-25NOV09ALCDE-DE,2025-11-09T14:17:08.406346Z,0.12,200,no,4a83c1d2-1fe1-677c-45df-11c4df8348eb
KXATPMATCH-25NOV09ALCDE-DE,2025-11-09T14:17:08.385277Z,0.13,854,yes,b6a078d0-b438-4b8e-f716-66de3f050b29
KXATPMATCH-25NOV09ALCDE-DE,2025-11-09T14:17:08.385277Z,0.13,958,yes,6c2d275c-8b2d-47a8-cd03-83de2bf4e48f
KXATPMATCH-25NOV09ALCDE-DE,2025-11-09T14:17:05.450263Z,0.13,725,yes,509b9d85-b21c-787e-fe3d-9d80ac645795
KXATPMATCH-25NOV09ALCDE-DE,2025-11-09T14:17:05.38358Z,0.12,77,no,01c50984-4ad9-6074-1389-65ed0c47ebd3
KXATPMATCH-25NOV09ALCDE-DE,2025-11-09T14:17:04.72501Z,0.13,100,yes,4c4a9746-edd0-75e4-c1c9-ceb92c98cf7e
KXATPMATCH-25NOV09ALCDE-DE,2025-11-09T14:17:04.639046Z,0.13,443,yes,a8d1274a-ff8c-73c0-8500-c931e0cdae66
KXATPMATCH-25NOV09ALCDE-DE,2025-11-09T14:17:04.639046Z,0.13,282,yes,23acc30b-6bc7-7d77-9be5-fc6fe7141632
KXATPMATCH-25NOV09ALCDE-DE,2025-11-09T14:17:03.677434Z,0.11,85,no,f571c697-9cff-70d5-b2e7-88b7047fa2bb
KXATPMATCH-25NOV09ALCDE-DE,2025-11-09T14:17:03.677434Z,0.12,1025,no,4afc4364-4230-72c7-8970-ff741f628f0c
KXATPMATCH-25NOV09ALCDE-DE,2025-11-09T14:17:03.529759Z,0.13,725,yes,ec3ca1f2-d9bb-6677-42b0-094dc2b7ce56
KXATPMATCH-25NOV09ALCDE-DE,2025-11-09T14:17:00.233126Z,0.13,8,yes,2eb872b1-8813-6b0f-8583-d53c1be7113e
KXATPMATCH-25NOV09ALCDE-DE,2025-11-09T14:16:56.159333Z,0.13,145,yes,374c48da-6b57-4c73-fdac-718d68367da2
KXATPMATCH-25NOV09ALCDE-DE,2025-11-09T14:16:54.407469Z,0.13,369,yes,b05b8e14-4553-63bf-ed5a-26fecfc48a76
KXATPMATCH-25NOV09ALCDE-DE,2025-11-09T14:16:51.886519Z,0.13,50,yes,022bb459-2f53-43a7-bf0e-f898660152be
KXATPMATCH-25NOV09ALCDE-DE,2025-11-09T14:16:50.882837Z,0.14,193,no,14a45be1-73ad-4c68-e262-6179f50291a4
KXATPMATCH-25NOV09ALCDE-DE,2025-11-09T14:16:50.313152Z,0.18,500,yes,3bc00972-6091-7d4b-4ab3-d2e225c4cb92
KXATPMATCH-25NOV09ALCDE-DE,2025-11-09T14:16:48.727712Z,0.27,2,yes,6343d4c5-82a4-640a-418e-3a61b20b4243
KXATPMATCH-25NOV09ALCDE-DE,2025-11-09T14:16:42.155794Z,0.22,50,yes,e2f6d1fb-b270-5f38-5dd4-35c34840ed53
KXATPMATCH-25NOV09ALCDE-DE,2025-11-09T14:16:42.155794Z,0.24,33,yes,67859c3d-32e0-5d95-5cdd-c88eb7551f46
KXATPMATCH-25NOV09ALCDE-DE,2025-11-09T14:16:33.584137Z,0.19,100,no,c743abf2-7367-47df-c594-642c60a4767e
KXATPMATCH-25NOV09ALCDE-DE,2025-11-09T14:16:17.898594Z,0.19,14,yes,bff77090-cddc-6660-5371-83b0670746a6
KXATPMATCH-25NOV09ALCDE-DE,2025-11-09T14:16:16.948641Z,0.17,5,no,836e140d-c414-4a6f-0d33-d6ee1c0eb410
KXATPMATCH-25NOV09ALCDE-DE,2025-11-09T14:16:16.948641Z,0.18,83,no,5382e5a3-44d4-44d5-25bb-ab3d4bf25d00
KXATPMATCH-25NOV09ALCDE-DE,2025-11-09T14:16:16.948641Z,0.17,189,no,11a84693-c445-4f76-072f-55d6e7586844
KXATPMATCH-25NOV09ALCDE-DE,2025-11-09T14:16:13.539333Z,0.19,99,yes,01b7d456-0fcc-4c00-c497-4192e3162786
KXATPMATCH-25NOV09ALCDE-DE,2025-11-09T14:16:11.889145Z,0.19,100,yes,7b955ea5-1c28-6620-bdb3-12029b938e4a
KXATPMATCH-25NOV09ALCDE-DE,2025-11-09T14:16:11.35598Z,0.19,5,yes,82f8f9d0-5d14-6a54-c612-46b0227e645a
KXATPMATCH-25NOV09ALCDE-DE,2025-11-09T14:16:08.139059Z,0.19,498,yes,87bc7d84-45e0-7878-1653-0b5bcd98c152
KXATPMATCH-25NOV09ALCDE-DE,2025-11-09T14:16:07.76754Z,0.18,10,no,96841aae-b6df-7694-6ec2-9f295ec85417
KXATPMATCH-25NOV09ALCDE-DE,2025-11-09T14:16:07.76754Z,0.18,929,no,249b672a-ffdc-75e9-7013-28ed1f3ffcf0
KXATPMATCH-25NOV09ALCDE-DE,2025-11-09T14:16:07.016923Z,0.19,50,yes,a3e2eae0-2754-59c7-7991-c12a15484b3c
KXATPMATCH-25NOV09ALCDE-DE,2025-11-09T14:16:07.016923Z,0.19,102,yes,36348cdc-b0fa-5be8-5804-6b44d75ea53a
KXATPMATCH-25NOV09ALCDE-DE,2025-11-09T14:16:07.016923Z,0.19,346,yes,0a356475-7e1f-5145-753e-1efb038230c6
KXATPMATCH-25NOV09ALCDE-DE,2025-11-09T14:16:05.750353Z,0.19,498,yes,bb03d774-6f32-7a54-dfe0-c2d0e7b1e156
KXATPMATCH-25NOV09ALCDE-DE,2025-11-09T14:16:03.333681Z,0.19,249,yes,5b33d56a-b912-53c4-1c8a-55c2192f74ce
KXATPMATCH-25NOV09ALCDE-DE,2025-11-09T14:16:02.26782Z,0.19,10,yes,61560353-00a6-4e44-a569-010f72bd8e86
KXATPMATCH-25NOV09ALCDE-DE,2025-11-09T14:15:57.884837Z,0.19,707,yes,aa118a9a-5fbe-7a28-3ab5-102705cb6f4e
KXATPMATCH-25NOV09ALCDE-DE,2025-11-09T14:15:57.557344Z,0.19,9,yes,de7bbe1a-caa2-4468-1c6a-cdf542e488aa
KXATPMATCH-25NOV09ALCDE-DE,2025-11-09T14:15:52.236955Z,0.19,4,yes,493dd716-a8ea-5aa4-bede-9db1fd178eaa
KXATPMATCH-25NOV09ALCDE-DE,2025-11-09T14:15:49.646188Z,0.19,106,no,969e6fd1-f7e2-6384-ac53-a8ede6c3ad58
KXATPMATCH-25NOV09ALCDE-DE,2025-11-09T14:15:49.621121Z,0.21,50,no,bcc1d06e-3851-5047-6c22-52e82afe5931
KXATPMATCH-25NOV09ALCDE-DE,2025-11-09T14:15:49.621121Z,0.22,106,no,87665270-b693-5d3f-421a-80cc39ef212d
KXATPMATCH-25NOV09ALCDE-DE,2025-11-09T14:15:48.56462Z,0.22,50,no,1f091434-997e-6f73-3378-6f22fbb22aef
KXATPMATCH-25NOV09ALCDE-DE,2025-11-09T14:15:48.480678Z,0.27,50,no,52085509-f97b-71d6-8aba-8bfdbc00d904
KXATPMATCH-25NOV09ALCDE-DE,2025-11-09T14:15:47.090001Z,0.34,28,yes,d209a4e8-477d-7bf5-18c0-476b121f229b
KXATPMATCH-25NOV09ALCDE-DE,2025-11-09T14:15:37.212702Z,0.28,1,no,7650b5fb-3348-7432-1d3c-5094d7dc3b78
KXATPMATCH-25NOV09ALCDE-DE,2025-11-09T14:15:27.799456Z,0.31,24,yes,6060e754-34e2-6177-ba59-8864ae24f6db
KXATPMATCH-25NOV09ALCDE-DE,2025-11-09T14:15:26.187887Z,0.31,452,yes,98a10da0-08a7-4b9a-0c78-e3f8495b79e9
KXATPMATCH-25NOV09ALCDE-DE,2025-11-09T14:15:26.187887Z,0.31,328,yes,79ea8f64-c91a-46d7-07e3-1fa31225ef6f
KXATPMATCH-25NOV09ALCDE-DE,2025-11-09T14:15:25.554493Z,0.3,8,no,3c183b30-f875-4a15-4f06-8282c742904f
KXATPMATCH-25NOV09ALCDE-DE,2025-11-09T14:15:24.833661Z,0.3,2,no,0849ea14-b785-71cd-0e1b-c52b653b5337
KXATPMATCH-25NOV09ALCDE-DE,2025-11-09T14:15:21.237393Z,0.3,500,no,5719022f-b823-525e-a933-7fb6eab4fa2a
KXATPMATCH-25NOV09ALCDE-DE,2025-11-09T14:15:20.729625Z,0.31,30,yes,a3e4cab4-c4cf-5c62-9e38-798e9072e80d
KXATPMATCH-25NOV09ALCDE-DE,2025-11-09T14:15:20.621152Z,0.31,92,yes,4c471f7b-d653-55d6-67db-4173893fd369
KXATPMATCH-25NOV09ALCDE-DE,2025-11-09T14:15:18.896365Z,0.31,615,yes,4113c96c-9c9f-6652-c443-ae920fa10aa9
KXATPMATCH-25NOV09ALCDE-DE,2025-11-09T14:15:16.894792Z,0.3,21,no,3ab46f26-232f-4bd6-2e5a-1217a130fc0e
KXATPMATCH-25NOV09ALCDE-DE,2025-11-09T14:15:15.891913Z,0.3,47,no,d2ed214e-2a2f-5df2-8168-d135b001bcae
KXATPMATCH-25NOV09ALCDE-DE,2025-11-09T14:15:15.485434Z,0.31,307,yes,b075e336-d8d3-6816-4d64-f14855721ea5
KXATPMATCH-25NOV09ALCDE-DE,2025-11-09T14:15:07.796858Z,0.31,6,yes,737957ff-b58b-512a-e39a-b59c836614dd
KXATPMATCH-25NOV09ALCDE-DE,2025-11-09T14:15:00.516792Z,0.37,5,yes,188d8595-38fc-48ce-f0cc-175e61fccfcc
KXATPMATCH-25NOV09ALCDE-DE,2025-11-09T14:14:56.025059Z,0.42,11,yes,b435f53b-6fb0-48f7-88c1-68c333e1522d
KXATPMATCH-25NOV09ALCDE-DE,2025-11-09T14:14:52.096431Z,0.42,22,yes,df3e86a7-501c-4f93-4444-8f266c2ec2d1
KXATPMATCH-25NOV09ALCDE-DE,2025-11-09T14:14:42.049347Z,0.4,1431,yes,c3b825ea-f01a-5521-3788-de82a65ed20d
KXATPMATCH-25NOV09ALCDE-DE,2025-11-09T14:14:42.049347Z,0.39,992,yes,2483c5d3-d880-54f3-3853-884e2cf9702c
KXATPMATCH-25NOV09ALCDE-DE,2025-11-09T14:14:40.753479Z,0.39,4,yes,9b867f7f-0790-632b-1121-6c679132f5c4
KXATPMATCH-25NOV09ALCDE-DE,2025-11-09T14:14:39.805369Z,0.39,4,yes,5f3bb464-1960-79c7-7b37-df9eb9b2cbf4
KXATPMATCH-25NOV09ALCDE-DE,2025-11-09T14:14:37.966917Z,0.38,52,yes,ded72187-e717-71dd-ae35-7852b307e462
KXATPMATCH-25NOV09ALCDE-DE,2025-11-09T14:14:37.966917Z,0.38,46,yes,da1416c6-3db8-77fa-86e3-9f31690fcb3f
KXATPMATCH-25NOV09ALCDE-DE,2025-11-09T14:14:32.729185Z,0.39,3,yes,a5c99ca1-4550-77ce-500b-5b5217dcae45
KXATPMATCH-25NOV09ALCDE-DE,2025-11-09T14:14:23.544673Z,0.39,49,yes,d07899af-6ba8-63e2-daa2-a3017a2b677d
KXATPMATCH-25NOV09ALCDE-DE,2025-11-09T14:14:23.098799Z,0.39,357,yes,810ae9eb-61a8-7e16-3a2b-dc9be0ac9e91
KXATPMATCH-25NOV09ALCDE-DE,2025-11-09T14:14:20.184899Z,0.39,86,yes,bffec6e5-cfdc-6816-3ab0-33ad72572491
KXATPMATCH-25NOV09ALCDE-DE,2025-11-09T14:14:19.598514Z,0.39,10,yes,bad59ee5-b310-6f46-fb4b-2b202c761561
KXATPMATCH-25NOV09ALCDE-DE,2025-11-09T14:14:15.977737Z,0.33,5,no,7b6b8149-7d13-567e-6852-0bb9817708d6
KXATPMATCH-25NOV09ALCDE-DE,2025-11-09T14:14:10.029225Z,0.39,61,yes,e7286bd6-6cd8-54ea-272d-c00391cac31d
KXATPMATCH-25NOV09ALCDE-DE,2025-11-09T14:14:05.840853Z,0.38,113,yes,a50dce68-97fc-69ed-de7d-4fa160d47033
KXATPMATCH-25NOV09ALCDE-DE,2025-11-09T14:13:58.017496Z,0.33,476,no,fddef13e-76f0-6774-f216-82f24936ec86
KXATPMATCH-25NOV09ALCDE-DE,2025-11-09T14:13:55.905337Z,0.42,11,yes,39ff6d48-b8b4-685f-a93a-db10688f06c5
KXATPMATCH-25NOV09ALCDE-DE,2025-11-09T14:13:52.277139Z,0.36,175,no,e22824fe-4204-6b9d-8b20-7fdbd0a69bd2
KXATPMATCH-25NOV09ALCDE-DE,2025-11-09T14:13:52.277139Z,0.36,50,no,58111ca8-c727-6d28-b763-05db7047a7e1
KXATPMATCH-25NOV09ALCDE-DE,2025-11-09T14:13:51.983757Z,0.44,100,yes,e57ed720-47c8-6555-2fb0-453c8d6aad3d
KXATPMATCH-25NOV09ALCDE-DE,2025-11-09T14:13:51.983757Z,0.43,205,yes,cc7df9cb-ae97-61d3-35eb-8d374b9d691b
KXATPMATCH-25NOV09ALCDE-DE,2025-11-09T14:13:51.983757Z,0.45,70,yes,c087acad-8a48-6db4-2b6e-88e5ed9650ca
KXATPMATCH-25NOV09ALCDE-DE,2025-11-09T14:13:51.983757Z,0.43,200,yes,9c65cf83-4ef2-6b3c-2e43-971b1e112504
KXATPMATCH-25NOV09ALCDE-DE,2025-11-09T14:13:51.983757Z,0.45,200,yes,9af2d9a7-1ddb-6347-376e-72fed490a95e
KXATPMATCH-25NOV09ALCDE-DE,2025-11-09T14:13:51.983757Z,0.45,750,yes,95d317a2-b8a3-6caa-2629-21d79cced8a7
KXATPMATCH-25NOV09ALCDE-DE,2025-11-09T14:13:51.983757Z,0.44,2000,yes,58795473-5e05-6a52-366b-241cb78f1b82
KXATPMATCH-25NOV09ALCDE-DE,2025-11-09T14:13:51.983757Z,0.44,229,yes,51a97170-d49a-6578-066d-b74adc677f03
KXATPMATCH-25NOV09ALCDE-DE,2025-11-09T14:13:51.983757Z,0.44,200,yes,38df99bc-17e9-6aeb-3163-af9f732ebdc2
KXATPMATCH-25NOV09ALCDE-DE,2025-11-09T14:13:51.983757Z,0.44,350,yes,2ff69d0d-06f2-6c03-2c16-98f372e334e5
KXATPMATCH-25NOV09ALCDE-DE,2025-11-09T14:13:51.983757Z,0.45,10,yes,1ab18a60-90e1-685f-006a-d7a512ce0d99
KXATPMATCH-25NOV09ALCDE-DE,2025-11-09T14:13:51.983757Z,0.46,749,yes,0bc37889-f7e7-66d1-20d7-70cde86987be
KXATPMATCH-25NOV09ALCDE-DE,2025-11-09T14:13:51.983757Z,0.45,350,yes,00b3a1f4-8c9a-6b37-23f0-2c476c3df299
KXATPMATCH-25NOV09ALCDE-DE,2025-11-09T14:13:50.630194Z,0.41,82,yes,ea9e32de-442e-6da3-0d7e-aa98e5ee95a6
KXATPMATCH-25NOV09ALCDE-DE,2025-11-09T14:13:50.630194Z,0.43,145,yes,58d3150b-d023-6e7f-007e-1073102fc203
KXATPMATCH-25NOV09ALCDE-DE,2025-11-09T14:13:47.245326Z,0.4,250,yes,c3939089-ee6f-6a0c-6963-9287157985d9
KXATPMATCH-25NOV09ALCDE-DE,2025-11-09T14:13:42.49038Z,0.36,2778,no,fdfa1778-704a-51e5-8256-2ae6a240f950
KXATPMATCH-25NOV09ALCDE-DE,2025-11-09T14:13:42.49038Z,0.35,576,no,f3a46599-a9c1-5f84-a5df-2992fecdfa20
KXATPMATCH-25NOV09ALCDE-DE,2025-11-09T14:13:42.49038Z,0.34,169,no,7c83c1ef-0df0-57aa-8c50-d7f78c0cf472
KXATPMATCH-25NOV09ALCDE-DE,2025-11-09T14:13:38.349088Z,0.36,45,yes,56200bef-9e34-41d0-8793-18c54aef4ed3
KXATPMATCH-25NOV09ALCDE-DE,2025-11-09T14:13:38.349088Z,0.4,5,yes,423f5a75-f7e4-4cbf-a911-9cef264eabb9
KXATPMATCH-25NOV09ALCDE-DE,2025-11-09T14:13:38.142998Z,0.36,5,yes,49a8f11c-ece4-53a4-0b37-75f0be6f2443
KXATPMATCH-25NOV09ALCDE-DE,2025-11-09T14:13:34.19441Z,0.35,4,no,8f182a54-d031-5724-265b-e652a0944e68
KXATPMATCH-25NOV09ALCDE-DE,2025-11-09T14:13:33.267803Z,0.35,150,no,e7c07eae-eb9d-760c-a2a8-fcc13e80c60c
KXATPMATCH-25NOV09ALCDE-DE,2025-11-09T14:13:33.041231Z,0.35,20,yes,cf4d2360-3a47-6c61-d7d1-8c1a8de30b9f
KXATPMATCH-25NOV09ALCDE-DE,2025-11-09T14:13:33.041231Z,0.33,250,yes,3eaae88f-bd31-6adb-fff0-21b873b23cb6
KXATPMATCH-25NOV09ALCDE-DE,2025-11-09T14:13:32.704253Z,0.32,100,yes,d83ab34d-4fa5-5279-13b7-a13d462917b0
KXATPMATCH-25NOV09ALCDE-DE,2025-11-09T14:13:26.0208Z,0.33,10,yes,074bb4f4-78f5-5ef0-fe5a-e342450d9652
KXATPMATCH-25NOV09ALCDE-DE,2025-11-09T14:13:23.999729Z,0.33,28,yes,e61b89fd-ff49-7944-e2c5-38b1b3dd8e32
KXATPMATCH-25NOV09ALCDE-DE,2025-11-09T14:13:19.021998Z,0.33,144,yes,436f631b-172d-58b0-9774-235d132c4f7e
KXATPMATCH-25NOV09ALCDE-DE,2025-11-09T14:13:05.104912Z,0.3,54,yes,fb894605-358b-5d79-5d54-2c7359948646
KXATPMATCH-25NOV09ALCDE-DE,2025-11-09T14:13:04.68176Z,0.3,145,yes,65282944-8b49-68ff-0e26-6acdac5a7249
KXATPMATCH-25NOV09ALCDE-DE,2025-11-09T14:13:04.68176Z,0.3,13,yes,3e07e585-caf7-693d-35b7-49470e9ecbea
KXATPMATCH-25NOV09ALCDE-DE,2025-11-09T14:13:00.071704Z,0.3,155,yes,54e46302-d2e5-4697-a263-4c8451c48439
KXATPMATCH-25NOV09ALCDE-DE,2025-11-09T14:12:59.486723Z,0.3,42,yes,d5b0ef40-30c5-42b7-83f8-f12a92495635
KXATPMATCH-25NOV09ALCDE-DE,2025-11-09T14:12:57.86474Z,0.3,158,yes,30d9244f-bf71-5783-53b2-edc115bf1b35
KXATPMATCH-25NOV09ALCDE-DE,2025-11-09T14:12:53.048814Z,0.28,30,no,e7cd1a4e-c150-546f-f3d2-5e93491ae516
KXATPMATCH-25NOV09ALCDE-DE,2025-11-09T14:12:51.835851Z,0.28,28,no,8a7d5feb-afc4-659f-7a0b-64e33894d62e
KXATPMATCH-25NOV09ALCDE-DE,2025-11-09T14:12:40.762013Z,0.3,158,yes,089f20f2-b8c7-4a9b-e138-bfc9b1fbfc60
KXATPMATCH-25NOV09ALCDE-DE,2025-11-09T14:12:38.686669Z,0.3,317,yes,eaf534d5-6773-790b-149b-af1a5c2cec50
KXATPMATCH-25NOV09ALCDE-DE,2025-11-09T14:12:33.790548Z,0.26,20,no,111f4d7f-0b06-6e86-a61e-ed57b6c078f5
KXATPMATCH-25NOV09ALCDE-DE,2025-11-09T14:12:31.389209Z,0.3,25,yes,6a36f876-321b-72c7-bc9c-f837aa802580
KXATPMATCH-25NOV09ALCDE-DE,2025-11-09T14:12:30.690708Z,0.3,158,yes,1870cf8c-52c7-634b-ebcd-79e9859c2098
KXATPMATCH-25NOV09ALCDE-DE,2025-11-09T14:12:29.484441Z,0.3,31,yes,26999738-3d4f-760f-99c9-b6b59e355924
KXATPMATCH-25NOV09ALCDE-DE,2025-11-09T14:12:20.594251Z,0.3,169,yes,d449af94-ec4c-56b6-a0e1-a889270bd6f2
KXATPMATCH-25NOV09ALCDE-DE,2025-11-09T14:12:20.594251Z,0.3,307,yes,3ec8e430-92b3-5af3-9b1c-bdf36360f984
KXATPMATCH-25NOV09ALCDE-DE,2025-11-09T14:12:20.467131Z,0.3,317,yes,838e5135-6898-4bda-d782-9c348fd1fae6
KXATPMATCH-25NOV09ALCDE-DE,2025-11-09T14:12:08.45497Z,0.29,164,no,f93d1a3b-8d94-7692-82cd-4daaf9a7bca0
KXATPMATCH-25NOV09ALCDE-DE,2025-11-09T14:12:05.204976Z,0.3,25,yes,b437ac4c-b268-7396-847c-18953c243fd2
KXATPMATCH-25NOV09ALCDE-DE,2025-11-09T14:11:57.81454Z,0.3,15,yes,a2e4c955-8f94-5d8e-a1e9-67cee9f8ed82
KXATPMATCH-25NOV09ALCDE-DE,2025-11-09T14:11:50.7337Z,0.35,740,yes,effe5643-b062-794e-b897-fe4257b9a786
KXATPMATCH-25NOV09ALCDE-DE,2025-11-09T14:11:50.7337Z,0.38,2,yes,e649ef26-c4c6-7ae0-9460-ff330b51155b
KXATPMATCH-25NOV09ALCDE-DE,2025-11-09T14:11:50.7337Z,0.38,336,yes,d418a6df-794b-79f4-b4e7-c781fe1e5aa5
KXATPMATCH-25NOV09ALCDE-DE,2025-11-09T14:11:50.7337Z,0.35,260,yes,82274686-3f9f-78c0-a39d-b67907156777
KXATPMATCH-25NOV09ALCDE-DE,2025-11-09T14:11:49.770826Z,0.26,106,no,1ef8665a-6d0e-6d22-3b14-b1318cdfc3f8
KXATPMATCH-25NOV09ALCDE-DE,2025-11-09T14:11:45.474717Z,0.34,14,no,5ce6a069-d7ab-6b16-f764-75fdccbef03f
KXATPMATCH-25NOV09ALCDE-DE,2025-11-09T14:11:43.31936Z,0.35,260,yes,94084a44-07e6-75da-7389-75ebe33ef82a
KXATPMATCH-25NOV09ALCDE-DE,2025-11-09T14:11:35.227312Z,0.36,100,no,3c95779f-d5e4-58fd-5e37-0d87e366e1a2
KXATPMATCH-25NOV09ALCDE-DE,2025-11-09T14:11:34.937252Z,0.36,18,no,79c820e7-75e0-71c1-0e03-f7bca4cd0056
KXATPMATCH-25NOV09ALCDE-DE,2025-11-09T14:11:30.925284Z,0.36,400,no,4d24c294-b444-65b5-bbcd-cb7b9936d5b6
KXATPMATCH-25NOV09ALCDE-DE,2025-11-09T14:11:25.349665Z,0.36,240,no,e990e0a2-6ed0-7595-0af3-85b834a4b202
KXATPMATCH-25NOV09ALCDE-DE,2025-11-09T14:11:22.929385Z,0.38,277,yes,1d4d0625-0f73-7ca5-df0f-f37bd00bd579
KXATPMATCH-25NOV09ALCDE-DE,2025-11-09T14:11:20.955527Z,0.38,25,yes,52d58760-0787-5a9d-0e08-c3f2f428da51
KXATPMATCH-25NOV09ALCDE-DE,2025-11-09T14:11:18.570787Z,0.38,50,yes,bc100f45-bbeb-6ca5-f67e-dc74a9712fb5
KXATPMATCH-25NOV09ALCDE-DE,2025-11-09T14:11:17.09324Z,0.38,1823,yes,5e1a6ee6-fb89-4f49-8967-b2c338a46e74
KXATPMATCH-25NOV09ALCDE-DE,2025-11-09T14:11:17.09324Z,0.38,526,yes,1fd2c76a-854c-4039-b21b-e25e908c088a
KXATPMATCH-25NOV09ALCDE-DE,2025-11-09T14:11:12.661283Z,0.38,39,no,aad70b02-9c0e-4e29-c914-a09550d16802
KXATPMATCH-25NOV09ALCDE-DE,2025-11-09T14:11:10.138254Z,0.43,1994,yes,1b4796c3-1b36-713c-0013-76d7520f0d42
KXATPMATCH-25NOV09ALCDE-DE,2025-11-09T14:11:08.289684Z,0.43,6,yes,105eb94c-fc9e-755c-4e98-594dfd545c1a
KXATPMATCH-25NOV09ALCDE-DE,2025-11-09T14:11:07.973973Z,0.38,100,no,d7290834-3aae-68d5-b8b2-bee7ecc7babe
KXATPMATCH-25NOV09ALCDE-DE,2025-11-09T14:11:06.659542Z,0.42,22,yes,920cad17-b65a-55a4-72f0-e2774a3ed067
KXATPMATCH-25NOV09ALCDE-DE,2025-11-09T14:11:06.396064Z,0.42,52,yes,d6359b0d-8559-7543-af0a-7b12e35333c1
KXATPMATCH-25NOV09ALCDE-DE,2025-11-09T14:11:03.538313Z,0.38,50,no,1b24e95f-2136-68a1-2204-dbb2119c7bda
KXATPMATCH-25NOV09ALCDE-DE,2025-11-09T14:11:02.918477Z,0.38,261,no,50e19a58-2bf2-7915-b7e6-bacd81c9758e
KXATPMATCH-25NOV09ALCDE-DE,2025-11-09T14:11:02.833925Z,0.38,300,no,96f64453-6282-6ad5-bf72-55a50d673592
KXATPMATCH-25NOV09ALCDE-DE,2025-11-09T14:11:02.470956Z,0.4,157,yes,c3f016c8-a7b3-6974-115e-b6e5a1b75fbd
KXATPMATCH-25NOV09ALCDE-DE,2025-11-09T14:10:55.212843Z,0.4,11,yes,1bff1c6a-869f-6598-c382-f996f44f2ad1
KXATPMATCH-25NOV09ALCDE-DE,2025-11-09T14:10:55.073131Z,0.38,145,no,f514a96c-9bf9-494d-45fc-9cda96a4dd65
KXATPMATCH-25NOV09ALCDE-DE,2025-11-09T14:10:52.541413Z,0.4,55,yes,ff8acb32-c5c2-5536-00d2-6cb818f28344
KXATPMATCH-25NOV09ALCDE-DE,2025-11-09T14:10:52.541413Z,0.4,1832,yes,bfd29502-ba2b-5d40-0e63-36323d75379d
KXATPMATCH-25NOV09ALCDE-DE,2025-11-09T14:10:52.541413Z,0.4,13,yes,46003be9-8431-5c7e-2736-1f0ca577dc24
KXATPMATCH-25NOV09ALCDE-DE,2025-11-09T14:10:52.541413Z,0.4,100,yes,1b440c15-fc23-5c61-2474-9a31182fbb81
KXATPMATCH-25NOV09ALCDE-DE,2025-11-09T14:10:51.153861Z,0.4,441,yes,cc056845-c174-7dec-81e8-a3672935169d
KXATPMATCH-25NOV09ALCDE-DE,2025-11-09T14:10:51.153861Z,0.4,145,yes,c23ec7f3-c4a6-7772-b69a-b083fb3c33cc
KXATPMATCH-25NOV09ALCDE-DE,2025-11-09T14:10:50.971571Z,0.4,200,yes,8602d0b4-6dc8-43e4-7c95-cf9164cd8313
KXATPMATCH-25NOV09ALCDE-DE,2025-11-09T14:10:50.971571Z,0.4,1559,yes,5737e4de-5e94-4e78-608b-f4a8490b96dd
KXATPMATCH-25NOV09ALCDE-DE,2025-11-09T14:10:50.971571Z,0.4,350,yes,3f771842-23d1-4517-5b5b-32a8d471230a
KXATPMATCH-25NOV09ALCDE-DE,2025-11-09T14:10:49.340267Z,0.38,525,no,db5450cc-255d-63d9-21e7-b54a263d6469
KXATPMATCH-25NOV09ALCDE-DE,2025-11-09T14:10:48.919027Z,0.38,100,no,683dcac4-175d-68a1-f35b-da51e1f67cfd
KXATPMATCH-25NOV09ALCDE-DE,2025-11-09T14:10:48.545548Z,0.38,40,no,92226fac-51a9-5201-bf71-6034eab9d1a9
KXATPMATCH-25NOV09ALCDE-DE,2025-11-09T14:10:46.651993Z,0.35,38,yes,da6dd42b-3c3f-5b19-b0fa-ad5b510c50ac
KXATPMATCH-25NOV09ALCDE-DE,2025-11-09T14:10:46.651993Z,0.4,350,yes,bbf6a547-c779-5d36-ad5b-d04585b34239
KXATPMATCH-25NOV09ALCDE-DE,2025-11-09T14:10:46.651993Z,0.4,500,yes,7325bce1-4970-5ab5-b87a-02380ba5160f
KXATPMATCH-25NOV09ALCDE-DE,2025-11-09T14:10:46.651993Z,0.4,15,yes,7026bd4d-85f0-584c-b4d0-feee34b7efb7
KXATPMATCH-25NOV09ALCDE-DE,2025-11-09T14:10:46.651993Z,0.38,350,yes,32ecbae9-44a8-508d-ac06-ec0b8972d1b5
KXATPMATCH-25NOV09ALCDE-DE,2025-11-09T14:10:44.149Z,0.38,11,yes,8c66559b-8f6d-57ef-fa41-522f339f6948
KXATPMATCH-25NOV09ALCDE-DE,2025-11-09T14:10:44.111184Z,0.3,500,yes,bed461da-c9b9-7947-6d3d-76aa2d7e29aa
KXATPMATCH-25NOV09ALCDE-DE,2025-11-09T14:10:44.111184Z,0.32,72,yes,9d828216-efcf-70f9-77d0-c26c323bcda0
KXATPMATCH-25NOV09ALCDE-DE,2025-11-09T14:10:44.111184Z,0.35,49,yes,5aa5ce5c-c925-7c46-4763-c91b4b7e9f52
KXATPMATCH-25NOV09ALCDE-DE,2025-11-09T14:10:40.447124Z,0.3,150,yes,c8d31a39-ac74-74f4-05f8-d703b379c6e6
KXATPMATCH-25NOV09ALCDE-DE,2025-11-09T14:10:37.107683Z,0.3,10,yes,1f127927-0610-62a0-d97b-e59de5cf3c86
KXATPMATCH-25NOV09ALCDE-DE,2025-11-09T14:10:30.260236Z,0.3,30,yes,0d15cd3a-59f8-6488-83c2-0940842ac096
KXATPMATCH-25NOV09ALCDE-DE,2025-11-09T14:10:26.676603Z,0.3,138,yes,4df94e48-292b-540a-42cd-00d546548d5a
KXATPMATCH-25NOV09ALCDE-DE,2025-11-09T14:10:26.676603Z,0.3,494,yes,4b6a7200-1d5d-54d7-5752-d8972be43191
KXATPMATCH-25NOV09ALCDE-DE,2025-11-09T14:10:23.995096Z,0.3,6,yes,a3ddcfe0-d091-4c57-fcea-1f6b0af73d09
KXATPMATCH-25NOV09ALCDE-DE,2025-11-09T14:10:23.29028Z,0.3,500,yes,97e00e7f-4abd-512f-a2d7-d2a0e9916185
KXATPMATCH-25NOV09ALCDE-DE,2025-11-09T14:10:22.28653Z,0.3,732,yes,db1fca05-8e75-68e0-e0cf-71b56bf727d9
KXATPMATCH-25NOV09ALCDE-DE,2025-11-09T14:10:22.28653Z,0.3,214,yes,30afac4a-7dd7-605d-cac1-47220255dd1e
KXATPMATCH-25NOV09ALCDE-DE,2025-11-09T14:10:20.181974Z,0.3,54,yes,7604535a-7329-675c-5f72-af6d082b1b91
KXATPMATCH-25NOV09ALCDE-DE,2025-11-09T14:10:15.210015Z,0.3,151,yes,f32850ea-6337-4220-3a93-ca30fef664c0
KXATPMATCH-25NOV09ALCDE-DE,2025-11-09T14:10:15.210015Z,0.3,214,yes,beaa35da-b821-42c0-06eb-39cbcf39bf89
KXATPMATCH-25NOV09ALCDE-DE,2025-11-09T14:10:15.210015Z,0.3,8,yes,a6d45704-c683-4efd-3e09-c95fb743de31
KXATPMATCH-25NOV09ALCDE-DE,2025-11-09T14:10:15.210015Z,0.3,11,yes,1de31771-c151-43de-2ee5-6d84d7237207
KXATPMATCH-25NOV09ALCDE-DE,2025-11-09T14:10:12.760817Z,0.3,31,yes,a036cf6d-7bbb-4274-8ea5-6e8b1aa1ef68
KXATPMATCH-25NOV09ALCDE-DE,2025-11-09T14:10:09.098427Z,0.3,41,yes,b7cac862-56e8-7924-b442-6043ec01fe72
KXATPMATCH-25NOV09ALCDE-DE,2025-11-09T14:10:07.820545Z,0.3,158,yes,8531a389-72f0-6a00-8c14-2d5ae511df62
KXATPMATCH-25NOV09ALCDE-DE,2025-11-09T14:10:06.9905Z,0.27,60,no,a52fcdef-b352-7129-a2e3-85e27bd988c6
KXATPMATCH-25NOV09ALCDE-DE,2025-11-09T14:10:04.333057Z,0.3,3,yes,9c2eb25f-9ee0-6a33-63e5-3500889ddd79
KXATPMATCH-25NOV09ALCDE-DE,2025-11-09T14:10:04.333057Z,0.3,30,yes,491e22a7-ea90-67b8-70fe-8fbf59de029e
KXATPMATCH-25NOV09ALCDE-DE,2025-11-09T14:10:04.333057Z,0.3,7,yes,06787b8a-2df2-61f6-48ef-af8d9d68a8b4
KXATPMATCH-25NOV09ALCDE-DE,2025-11-09T14:10:03.761266Z,0.28,300,no,b905d802-543c-4e78-75db-183085d7304d
KXATPMATCH-25NOV09ALCDE-DE,2025-11-09T14:10:01.450023Z,0.27,440,no,2435244a-feea-6475-f4ad-935d6e84e076
KXATPMATCH-25NOV09ALCDE-DE,2025-11-09T14:09:59.807563Z,0.28,17,yes,8780052d-e14f-446c-0c3d-444b272b398b
KXATPMATCH-25NOV09ALCDE-DE,2025-11-09T14:09:59.432796Z,0.28,62,yes,8e0b6329-a2b4-778b-6e13-a875a450d12e
KXATPMATCH-25NOV09ALCDE-DE,2025-11-09T14:09:59.432796Z,0.3,3,yes,2cb931ce-3666-7322-5378-18f98790f590
KXATPMATCH-25NOV09ALCDE-DE,2025-11-09T14:09:55.455762Z,0.29,172,yes,db6c59fe-1a74-4bf4-b15c-38d64c421f31
KXATPMATCH-25NOV09ALCDE-DE,2025-11-09T14:09:55.455762Z,0.28,103,yes,367f13a7-8be5-451a-95f7-e5bca8780c6b
KXATPMATCH-25NOV09ALCDE-DE,2025-11-09T14:09:55.455762Z,0.27,4,yes,234521ce-957e-408d-b43c-23e4bfd95a37
KXATPMATCH-25NOV09ALCDE-DE,2025-11-09T14:09:54.337548Z,0.28,21,yes,a343334f-d78a-6a99-accc-fdda9b668c9f
KXATPMATCH-25NOV09ALCDE-DE,2025-11-09T14:09:45.516542Z,0.21,30,no,eff1582f-266a-6765-e299-b3c4bae808f9
KXATPMATCH-25NOV09ALCDE-DE,2025-11-09T14:09:45.516542Z,0.27,70,no,69fadf07-44e3-64ef-f4a3-37d5be9f6150
KXATPMATCH-25NOV09ALCDE-DE,2025-11-09T14:09:45.511829Z,0.27,10,no,61d09102-5f4f-52eb-7dd9-d47fc67011a8
KXATPMATCH-25NOV09ALCDE-DE,2025-11-09T14:09:42.056381Z,0.27,49,no,4537051f-563b-49e7-9020-c85c1f550be4
KXATPMATCH-25NOV09ALCDE-DE,2025-11-09T14:09:41.930615Z,0.27,99,no,7876a97f-50bf-58db-ff69-7b8fcaec6c60
KXATPMATCH-25NOV09ALCDE-DE,2025-11-09T14:09:41.135133Z,0.27,20,no,08c2596c-258b-7a3b-d5a4-06bf5d261408
KXATPMATCH-25NOV09ALCDE-DE,2025-11-09T14:09:39.544488Z,0.27,792,no,1a849478-4fd7-5137-ecc7-b8ce68d071a0
KXATPMATCH-25NOV09ALCDE-DE,2025-11-09T14:09:39.001728Z,0.27,103,no,411c2a10-6ca0-5a89-4331-3a4661c8c94d
KXATPMATCH-25NOV09ALCDE-DE,2025-11-09T14:09:38.252457Z,0.27,263,no,ddca8c5d-3b8c-7625-1817-41cb8436fcc1
KXATPMATCH-25NOV09ALCDE-DE,2025-11-09T14:09:37.073448Z,0.28,60,yes,e41d34b0-4687-6a41-20fc-16f57ae46992
KXATPMATCH-25NOV09ALCDE-DE,2025-11-09T14:09:36.391435Z,0.27,300,no,55a6111f-c818-59fd-96b7-ef4ad409482d
KXATPMATCH-25NOV09ALCDE-DE,2025-11-09T14:09:33.23595Z,0.27,300,no,c60d600e-8d14-73f9-9c84-6605de93b411
KXATPMATCH-25NOV09ALCDE-DE,2025-11-09T14:09:21.522759Z,0.23,1,no,3991ebd4-8a28-623c-88c8-dbcd582c9449
KXATPMATCH-25NOV09ALCDE-DE,2025-11-09T14:09:20.158601Z,0.28,17,yes,7e6d24ee-12ce-75c1-da5c-ee133fbd2cb7
KXATPMATCH-25NOV09ALCDE-DE,2025-11-09T14:09:16.35319Z,0.23,300,no,d7b717f9-318a-7a6a-85ae-aab3aab7f35e
KXATPMATCH-25NOV09ALCDE-DE,2025-11-09T14:09:16.277935Z,0.23,507,no,11ab8454-d8b2-7206-845d-12461c24c78a
KXATPMATCH-25NOV09ALCDE-DE,2025-11-09T14:09:06.138657Z,0.25,11,yes,dfc881d3-4504-5ad4-b427-83e3a946ba48
KXATPMATCH-25NOV09ALCDE-DE,2025-11-09T14:09:02.456368Z,0.25,100,yes,b349e39d-3e1c-426d-d383-9ca6b23ea4bd
KXATPMATCH-25NOV09ALCDE-DE,2025-11-09T14:09:01.092414Z,0.25,100,yes,15883b6d-93c4-64dd-e300-2e05899906f5
KXATPMATCH-25NOV09ALCDE-DE,2025-11-09T14:09:01.003695Z,0.24,62,no,b4634c52-3266-62f2-c9e1-3b3b96090204
KXATPMATCH-25NOV09ALCDE-DE,2025-11-09T14:08:58.989974Z,0.24,61,no,70378cff-952e-5fe2-18fd-042d5ed95cfc
KXATPMATCH-25NOV09ALCDE-DE,2025-11-09T14:08:55.565901Z,0.24,10,no,b48992a0-941a-4b86-3da3-d8e924b1dc14
KXATPMATCH-25NOV09ALCDE-DE,2025-11-09T14:08:53.940031Z,0.24,100,no,0efee79e-35ae-4be6-9a1e-66384d3b8b7c
KXATPMATCH-25NOV09ALCDE-DE,2025-11-09T14:08:53.364889Z,0.24,532,no,87ca277c-8d0a-5f26-ddbf-8a5c7bedc15c
KXATPMATCH-25NOV09ALCDE-DE,2025-11-09T14:08:49.928523Z,0.27,22,yes,d4c5c645-b8f0-47ad-bda7-d0f85334de04
KXATPMATCH-25NOV09ALCDE-DE,2025-11-09T14:08:49.928523Z,0.27,478,yes,a8ce22a9-235a-441e-83b4-5b0ebbc43bba
KXATPMATCH-25NOV09ALCDE-DE,2025-11-09T14:08:49.838136Z,0.27,17,yes,fa167148-793a-5b1e-d217-d588582fb172
KXATPMATCH-25NOV09ALCDE-DE,2025-11-09T14:08:47.305979Z,0.27,5,yes,9590d9fd-e202-5dfa-5cf4-0e781cc7d19a
KXATPMATCH-25NOV09ALCDE-DE,2025-11-09T14:08:37.536152Z,0.27,14,yes,fdb8a3ab-df6f-629e-3cb8-5573d80c015b
KXATPMATCH-25NOV09ALCDE-DE,2025-11-09T14:08:34.337488Z,0.27,3523,yes,77cccc80-025b-5072-3194-fec78e474ccf
KXATPMATCH-25NOV09ALCDE-DE,2025-11-09T14:08:33.372095Z,0.18,10,no,1d3103df-154b-5e18-e46a-b97e43fecee7
KXATPMATCH-25NOV09ALCDE-DE,2025-11-09T14:08:19.627931Z,0.28,6,yes,dac0554a-baf5-4cad-2855-2e740e4d956e
KXATPMATCH-25NOV09ALCDE-DE,2025-11-09T14:08:15.589321Z,0.22,27,no,7c325a45-292f-5d2d-2a8b-52307aa17de2
KXATPMATCH-25NOV09ALCDE-DE,2025-11-09T14:08:05.773885Z,0.27,219,no,7d2fdbc7-7165-7e98-bb8c-261873ae1d2b
KXATPMATCH-25NOV09ALCDE-DE,2025-11-09T14:08:05.328442Z,0.27,9,no,fcca4750-f381-7cf4-6404-7a7b98721777
KXATPMATCH-25NOV09ALCDE-DE,2025-11-09T14:08:05.328442Z,0.27,90,no,03e05fc5-9228-783e-43bd-1fa53a8f0e71
KXATPMATCH-25NOV09ALCDE-DE,2025-11-09T14:08:03.333659Z,0.27,451,no,3e7ac123-9298-671a-db12-1060ebce4661
KXATPMATCH-25NOV09ALCDE-DE,2025-11-09T14:08:01.214792Z,0.27,451,no,b3976a1a-9474-5c6e-4c7a-73084e9ceb0d
KXATPMATCH-25NOV09ALCDE-DE,2025-11-09T14:07:49.401581Z,0.26,36,yes,3af79488-4e7f-50b1-1035-539e086434bb
KXATPMATCH-25NOV09ALCDE-DE,2025-11-09T14:07:47.073755Z,0.26,1000,yes,855b5912-030f-431d-d480-1c0021adccaf
KXATPMATCH-25NOV09ALCDE-DE,2025-11-09T14:07:45.287246Z,0.26,36,yes,71b90ee0-811f-4821-e2c7-07e173c340c3
KXATPMATCH-25NOV09ALCDE-DE,2025-11-09T14:07:41.549908Z,0.25,161,yes,b611d8d0-ee6b-777d-5f9c-d92d8715ec5c
KXATPMATCH-25NOV09ALCDE-DE,2025-11-09T14:07:41.549908Z,0.25,25,yes,94f0f8e6-cd59-7ff1-48b1-af63cfc19dee
KXATPMATCH-25NOV09ALCDE-DE,2025-11-09T14:07:32.607052Z,0.26,91,yes,afa3e290-0192-4b23-f48f-8edaa6bf20a7
KXATPMATCH-25NOV09ALCDE-DE,2025-11-09T14:07:32.538335Z,0.26,730,yes,9b16ec65-d890-7c9f-ab25-da0ecbc24a88
KXATPMATCH-25NOV09ALCDE-DE,2025-11-09T14:07:31.363896Z,0.26,172,yes,984b5985-b211-5768-bb32-be4355e4a3ec
KXATPMATCH-25NOV09ALCDE-DE,2025-11-09T14:07:31.363896Z,0.26,10,yes,0cbaca08-3cd1-5feb-85ba-3e1a18ed5ec7
KXATPMATCH-25NOV09ALCDE-DE,2025-11-09T14:07:30.730676Z,0.26,28,yes,939869f0-d425-6b28-e118-401752106f24
KXATPMATCH-25NOV09ALCDE-DE,2025-11-09T14:07:30.730676Z,0.26,5,yes,866043d1-ac37-6e12-e6f9-c29c5cb08c9a
KXATPMATCH-25NOV09ALCDE-DE,2025-11-09T14:07:30.730676Z,0.26,50,yes,480af56f-9ab2-6d75-f4cb-b5738e1bfe34
KXATPMATCH-25NOV09ALCDE-DE,2025-11-09T14:07:30.730676Z,0.26,12,yes,0bd46dda-3953-6836-fdce-93b5f79bf357
KXATPMATCH-25NOV09ALCDE-DE,2025-11-09T14:07:27.205269Z,0.25,10,yes,c369c8e2-e827-4562-0b9a-904cdfb313fd
KXATPMATCH-25NOV09ALCDE-DE,2025-11-09T14:07:27.205269Z,0.25,44,yes,4aada08f-9676-496c-162c-9546fdf8791d
KXATPMATCH-25NOV09ALCDE-DE,2025-11-09T14:07:27.205269Z,0.25,266,yes,4a460a3b-97fb-4672-16bd-1e6be114922d
KXATPMATCH-25NOV09ALCDE-DE,2025-11-09T14:07:27.205269Z,0.25,500,yes,42a74d36-af11-411c-0ed5-9ef40ee9d862
KXATPMATCH-25NOV09ALCDE-DE,2025-11-09T14:07:27.205269Z,0.25,50,yes,42920869-b9bd-4bbd-178b-372319def0e1
KXATPMATCH-25NOV09ALCDE-DE,2025-11-09T14:07:27.205269Z,0.25,5,yes,2daeda05-5069-45f4-335d-1ab8918dde2e
KXATPMATCH-25NOV09ALCDE-DE,2025-11-09T14:07:27.205269Z,0.25,92,yes,27c66881-805e-4370-2ec0-269c54ea31ea
KXATPMATCH-25NOV09ALCDE-DE,2025-11-09T14:07:20.072929Z,0.24,395,yes,2c20bfaa-0fe7-78c5-36a0-835ab00e7283
KXATPMATCH-25NOV09ALCDE-DE,2025-11-09T14:07:16.892683Z,0.23,144,yes,9692d9ad-26c6-6066-3a6f-93d6cded3c63
KXATPMATCH-25NOV09ALCDE-DE,2025-11-09T14:07:16.892683Z,0.23,200,yes,4c90c6c7-d047-6903-18c0-63ad1e993101
KXATPMATCH-25NOV09ALCDE-DE,2025-11-09T14:07:16.190187Z,0.23,206,yes,58e7f51e-c1b2-5b32-5d6d-e097d93813db
KXATPMATCH-25NOV09ALCDE-DE,2025-11-09T14:07:11.681763Z,0.22,350,yes,edbd769d-3a55-5d36-0917-a608c5469716
KXATPMATCH-25NOV09ALCDE-DE,2025-11-09T14:07:11.681763Z,0.23,159,yes,ec1d05e5-f06c-5557-035b-bf1b480588e3
KXATPMATCH-25NOV09ALCDE-DE,2025-11-09T14:07:11.681763Z,0.23,350,yes,321cafe7-f70a-514f-2690-07b6a612f5df
KXATPMATCH-25NOV09ALCDE-DE,2025-11-09T14:07:08.233853Z,0.23,41,yes,ec2a22df-b930-7843-8896-260487327007
KXATPMATCH-25NOV09ALCDE-DE,2025-11-09T14:07:06.771152Z,0.23,200,yes,5cf06fe1-e616-7dff-24e0-6fa3ba665d29
KXATPMATCH-25NOV09ALCDE-DE,2025-11-09T14:07:06.771152Z,0.23,350,yes,0a8fd148-a3d5-7d37-35a5-50f570f95eda
KXATPMATCH-25NOV09ALCDE-DE,2025-11-09T14:07:01.715966Z,0.23,200,yes,601046c3-a352-7033-b6ab-ad4c20b64f46
KXATPMATCH-25NOV09ALCDE-DE,2025-11-09T14:07:01.715966Z,0.23,350,yes,03d48139-5eb3-79a4-bd84-f89e104e08b6
KXATPMATCH-25NOV09ALCDE-DE,2025-11-09T14:06:59.885536Z,0.23,264,yes,f46d754b-5ae2-64eb-936b-3f5ee9ddc1e0
KXATPMATCH-25NOV09ALCDE-DE,2025-11-09T14:06:59.885536Z,0.24,200,yes,c54d853d-707f-61d8-826c-14286013ba15
KXATPMATCH-25NOV09ALCDE-DE,2025-11-09T14:06:59.885536Z,0.23,200,yes,2a75dd79-1fe7-6ce2-bd48-8ccbc0a30748
KXATPMATCH-25NOV09ALCDE-DE,2025-11-09T14:06:59.885536Z,0.25,8,yes,2690fdf1-9b9a-68e4-aeba-194583365f71
KXATPMATCH-25NOV09ALCDE-DE,2025-11-09T14:06:59.885536Z,0.24,335,yes,0a375a53-5039-634d-b164-481a0d9276f0
KXATPMATCH-25NOV09ALCDE-DE,2025-11-09T14:06:51.422119Z,0.23,4,yes,107e3b4c-d066-6463-fbab-79bf21e07648
KXATPMATCH-25NOV09ALCDE-DE,2025-11-09T14:06:50.875681Z,0.23,82,yes,bdf24fd2-0c4a-50d3-1c08-8fc78b7c5a78
KXATPMATCH-25NOV09ALCDE-DE,2025-11-09T14:06:46.018742Z,0.24,15,yes,a9cbc31f-f8d9-5ae1-c42f-c98aaff8265c
KXATPMATCH-25NOV09ALCDE-DE,2025-11-09T14:06:39.585054Z,0.22,20,yes,f4d093c1-c239-6e60-cfd5-e7c33154dcf6
KXATPMATCH-25NOV09ALCDE-DE,2025-11-09T14:06:39.585054Z,0.22,20,yes,7e2e66cc-9b60-6b1c-c4e3-957b3b861fd7
KXATPMATCH-25NOV09ALCDE-DE,2025-11-09T14:06:08.733164Z,0.2,94,yes,140d8fa7-bc25-5db2-0d59-350855fde280
KXATPMATCH-25NOV09ALCDE-DE,2025-11-09T14:06:02.199805Z,0.2,4,yes,3e84b3d6-d73e-6c5b-265e-fbe49220fe49
KXATPMATCH-25NOV09ALCDE-DE,2025-11-09T14:05:59.154067Z,0.2,232,yes,99a3a9f7-eac6-7cfb-b7d6-6d04d6e70759
KXATPMATCH-25NOV09ALCDE-DE,2025-11-09T14:05:59.154067Z,0.19,318,yes,6db4cbb2-786b-7d76-a446-7ac44cd546b1
KXATPMATCH-25NOV09ALCDE-DE,2025-11-09T14:05:56.261999Z,0.19,24,yes,f62f479e-5ce3-5ad2-6a34-344b1550fa40
KXATPMATCH-25NOV09ALCDE-DE,2025-11-09T14:05:56.261999Z,0.19,326,yes,be20e78e-f94d-5ea3-46d2-e62db2eb0fe9
KXATPMATCH-25NOV09ALCDE-DE,2025-11-09T14:05:56.261999Z,0.19,200,yes,1bd9fa91-3ca7-598f-6d4d-fba8563fa2ee
KXATPMATCH-25NOV09ALCDE-DE,2025-11-09T14:05:53.78958Z,0.19,24,yes,72f9ac76-cc11-5dd7-63f6-926e03283505
KXATPMATCH-25NOV09ALCDE-DE,2025-11-09T14:05:42.465327Z,0.2,644,yes,451397f9-6799-59a7-4890-05662abf30d3
KXATPMATCH-25NOV09ALCDE-DE,2025-11-09T14:05:32.110738Z,0.2,66,yes,54416977-1431-62ff-dd6d-8e7a87581dbb
KXATPMATCH-25NOV09ALCDE-DE,2025-11-09T14:05:30.835689Z,0.19,1000,no,b9ada76a-a23d-4eb7-3f85-12435804909d
KXATPMATCH-25NOV09ALCDE-DE,2025-11-09T14:05:30.835689Z,0.19,3480,no,3dd05b22-e796-4874-2c7f-1062a3cc660e
KXATPMATCH-25NOV09ALCDE-DE,2025-11-09T14:05:27.927172Z,0.2,5,yes,00a31e5f-61d9-42cf-1222-631fb06378f3
KXATPMATCH-25NOV09ALCDE-DE,2025-11-09T14:05:00.600403Z,0.2,400,no,8fff3a0e-16f1-7bc1-05e9-25773db800bc
KXATPMATCH-25NOV09ALCDE-DE,2025-11-09T14:05:00.600403Z,0.2,100,no,3671fb2f-3bb6-7265-0903-6732091eeacb
KXATPMATCH-25NOV09ALCDE-DE,2025-11-09T14:04:56.197769Z,0.22,86,yes,77ca8076-6108-68ad-0971-e8039cadc6fd
KXATPMATCH-25NOV09ALCDE-DE,2025-11-09T14:04:52.945478Z,0.21,412,no,48f6313a-3549-43cd-3267-71327cd37447
KXATPMATCH-25NOV09ALCDE-DE,2025-11-09T14:04:52.1482Z,0.21,40,no,4065b48d-95bd-5891-1ab5-8b27686c453f
KXATPMATCH-25NOV09ALCDE-DE,2025-11-09T14:04:49.219632Z,0.22,51,yes,665774c8-fb90-4eb9-0588-2db628e007e9
KXATPMATCH-25NOV09ALCDE-DE,2025-11-09T14:04:45.247452Z,0.21,12,no,765d7e31-cc09-54e1-f153-0c9ed5c8d6d3
KXATPMATCH-25NOV09ALCDE-DE,2025-11-09T14:04:39.679186Z,0.2,100,no,37874a94-74ce-7481-bed3-ba39dce94d47
KXATPMATCH-25NOV09ALCDE-DE,2025-11-09T14:04:36.195907Z,0.22,1,yes,0c4659e0-09c4-6e11-09c6-b6c083d5885d
KXATPMATCH-25NOV09ALCDE-DE,2025-11-09T14:04:18.911019Z,0.21,81,yes,db8edb7a-3d85-4dee-84be-e31a7c33ae90
KXATPMATCH-25NOV09ALCDE-DE,2025-11-09T14:04:18.911019Z,0.21,9,yes,ad5fd745-49f3-4132-b550-829b051d30b8
KXATPMATCH-25NOV09ALCDE-DE,2025-11-09T14:04:08.635711Z,0.2,119,yes,4ae3b2e0-e591-5722-1fb4-df8b922fb278
KXATPMATCH-25NOV09ALCDE-DE,2025-11-09T14:03:47.638297Z,0.19,2809,no,c201ffcd-cf78-6176-f2f7-44a0a15f300d
KXATPMATCH-25NOV09ALCDE-DE,2025-11-09T14:03:47.638297Z,0.2,995,no,a9aab1f6-9ffb-6e61-c7fa-4f9733cec3a0
KXATPMATCH-25NOV09ALCDE-DE,2025-11-09T14:03:47.638297Z,0.2,1000,no,36c23ca7-4f50-6ffa-decf-2f5b3f848b63
KXATPMATCH-25NOV09ALCDE-DE,2025-11-09T14:03:47.638297Z,0.2,1000,no,1061399a-64f0-6011-c8c0-9ab88fd7c520
KXATPMATCH-25NOV09ALCDE-DE,2025-11-09T14:03:32.548246Z,0.23,500,yes,e43df48d-9fe5-68d4-862b-68dbd7db0104
KXATPMATCH-25NOV09ALCDE-DE,2025-11-09T14:03:17.552477Z,0.24,114,yes,6f641881-94e0-4f76-971e-49f0eaa687f4
KXATPMATCH-25NOV09ALCDE-DE,2025-11-09T14:03:06.798692Z,0.23,61,yes,736e234c-af95-64d1-83f2-eb8b93a0ce41
KXATPMATCH-25NOV09ALCDE-DE,2025-11-09T14:03:06.321743Z,0.22,25,no,c9b11552-6e40-5145-87da-cfd346ee1998
KXATPMATCH-25NOV09ALCDE-DE,2025-11-09T14:03:00.799313Z,0.22,26,no,df895faa-423c-4fd5-bc99-97606b2d8220
KXATPMATCH-25NOV09ALCDE-DE,2025-11-09T14:02:55.393544Z,0.22,297,yes,7659f82f-831c-5066-7fc6-0a758d86f1e4
KXATPMATCH-25NOV09ALCDE-DE,2025-11-09T14:02:55.393544Z,0.22,200,yes,68d831af-d4da-598b-4a9a-9dddecc51c61
KXATPMATCH-25NOV09ALCDE-DE,2025-11-09T14:02:55.331028Z,0.22,43,yes,f439aaf5-93e8-406e-e6e4-d479350c0994
KXATPMATCH-25NOV09ALCDE-DE,2025-11-09T14:02:48.28079Z,0.21,45,yes,799239f3-7aab-58fc-c4c7-6beb4b26df0c
KXATPMATCH-25NOV09ALCDE-DE,2025-11-09T14:02:44.105368Z,0.23,20,yes,5170fcd0-c315-58cd-ee9f-9f85888ab7e5
KXATPMATCH-25NOV09ALCDE-DE,2025-11-09T14:02:43.215128Z,0.23,190,yes,f52086ce-b5d1-4141-346d-1bde7ca52799
KXATPMATCH-25NOV09ALCDE-DE,2025-11-09T14:02:43.215128Z,0.23,13,yes,a8c891ec-41fd-4d27-2f28-e77662f2c0be
KXATPMATCH-25NOV09ALCDE-DE,2025-11-09T14:02:43.215128Z,0.23,3,yes,375e7954-ff51-407b-0f67-e59ab9660da2
KXATPMATCH-25NOV09ALCDE-DE,2025-11-09T14:02:42.962339Z,0.23,2,yes,a06dbd9d-f145-4857-6015-879d6cf547f2
KXATPMATCH-25NOV09ALCDE-DE,2025-11-09T14:02:41.842695Z,0.23,206,yes,737c60de-3319-4fcb-888a-5139659761ea
KXATPMATCH-25NOV09ALCDE-DE,2025-11-09T14:02:36.238876Z,0.22,10,yes,655f00d6-c2fd-4048-4dd7-09fbbf2b4d97
KXATPMATCH-25NOV09ALCDE-DE,2025-11-09T14:02:31.236546Z,0.23,185,yes,3eb50223-1655-593b-4fc0-9ed7c8bebc6e
KXATPMATCH-25NOV09ALCDE-DE,2025-11-09T14:02:29.25096Z,0.23,100,yes,95e07157-76b5-63bb-2f34-d5a2e1213f46
KXATPMATCH-25NOV09ALCDE-DE,2025-11-09T14:02:27.137586Z,0.23,4,yes,67d0f5cc-9985-73f7-d139-3a35cf42c442
KXATPMATCH-25NOV09ALCDE-DE,2025-11-09T14:02:17.710042Z,0.22,40,no,dfb847a7-9c95-641f-d4dd-abb6781ffbc1
KXATPMATCH-25NOV09ALCDE-DE,2025-11-09T14:02:17.710042Z,0.22,55,no,4f6c2205-a28d-6e94-fffd-f887812d1418
KXATPMATCH-25NOV09ALCDE-DE,2025-11-09T14:02:13.244811Z,0.22,10,no,7720d9fa-0e3d-64ab-13fe-62c36b26729d
KXATPMATCH-25NOV09ALCDE-DE,2025-11-09T14:02:10.872756Z,0.23,26,yes,2a874eb3-4644-496a-b325-1d77dc0bd3ef
KXATPMATCH-25NOV09ALCDE-DE,2025-11-09T14:02:10.872756Z,0.23,874,yes,0900e279-bd33-4251-8d49-9af19a43e4e0
KXATPMATCH-25NOV09ALCDE-DE,2025-11-09T14:02:10.611312Z,0.22,500,no,3d10d7f9-f33a-43a0-72d5-57d9aac62a9b
KXATPMATCH-25NOV09ALCDE-DE,2025-11-09T14:02:05.913791Z,0.23,82,yes,da39ce4f-d168-5346-c879-828a4e2e3e1b
KXATPMATCH-25NOV09ALCDE-DE,2025-11-09T14:02:03.967134Z,0.23,1000,yes,bf53f4c8-245d-75db-9fea-104466067839
KXATPMATCH-25NOV09ALCDE-DE,2025-11-09T14:02:03.967134Z,0.23,200,yes,a59dfa63-eeb8-76ad-bde7-13f31ba72990
KXATPMATCH-25NOV09ALCDE-DE,2025-11-09T14:02:03.967134Z,0.23,50,yes,79f0accd-b43a-7d19-9b73-46c774709de7
KXATPMATCH-25NOV09ALCDE-DE,2025-11-09T14:02:03.967134Z,0.23,350,yes,2ad4daf0-fe3d-797d-b647-48a89f03f63e
KXATPMATCH-25NOV09ALCDE-DE,2025-11-09T14:01:53.60881Z,0.22,114,no,cd9e1f7a-9a90-50ac-4603-ef7cc195e321
KXATPMATCH-25NOV09ALCDE-DE,2025-11-09T14:01:52.007904Z,0.23,103,yes,90096272-0c1f-74d1-bd73-559933f5716e
KXATPMATCH-25NOV09ALCDE-DE,2025-11-09T14:01:50.214585Z,0.22,697,no,293d61b1-5f9c-4364-ebb8-618a66f3518d
KXATPMATCH-25NOV09ALCDE-DE,2025-11-09T14:01:46.963878Z,0.22,14,no,7b375031-fc6c-5930-eb0f-443839612e39
KXATPMATCH-25NOV09ALCDE-DE,2025-11-09T14:01:46.325949Z,0.22,50,no,75e24364-7e00-42cc-26cf-c1ecd2045499
KXATPMATCH-25NOV09ALCDE-DE,2025-11-09T14:01:36.815384Z,0.24,51,yes,e92f9ec4-206e-6957-ce23-65b22e1cd18f
KXATPMATCH-25NOV09ALCDE-DE,2025-11-09T14:01:35.116304Z,0.22,46,no,b35b117d-5814-5644-2b23-1105eca527dc
KXATPMATCH-25NOV09ALCDE-DE,2025-11-09T14:01:35.116304Z,0.22,651,no,04e531be-cfbe-5226-35dc-fef98b80d87a
KXATPMATCH-25NOV09ALCDE-DE,2025-11-09T14:01:23.340129Z,0.24,47,yes,d1477e35-d757-7ad3-9049-18b4796a8b25
KXATPMATCH-25NOV09ALCDE-DE,2025-11-09T14:01:23.340129Z,0.24,70,yes,28140ef8-ffc2-7e18-8693-2f202228806f
KXATPMATCH-25NOV09ALCDE-DE,2025-11-09T14:01:21.698Z,0.22,5,no,c0e526dc-25a0-5440-cf49-59ff61c9bef8
KXATPMATCH-25NOV09ALCDE-DE,2025-11-09T14:01:08.424306Z,0.23,82,yes,213200cf-3ec3-5e28-fb02-fd11d9f2ed01
KXATPMATCH-25NOV09ALCDE-DE,2025-11-09T14:01:04.729711Z,0.22,49,no,5a810b89-c098-5300-91c2-45d6ad228cac
KXATPMATCH-25NOV09ALCDE-DE,2025-11-09T14:00:56.305178Z,0.21,1742,yes,4eed80ab-0e1a-717f-81fd-f13ad2e5c377
KXATPMATCH-25NOV09ALCDE-DE,2025-11-09T14:00:53.659099Z,0.2,105,no,c8727f03-0571-5576-16e9-2953f23261f4
KXATPMATCH-25NOV09ALCDE-DE,2025-11-09T14:00:52.365632Z,0.21,391,yes,9c9d37a8-3ed2-4913-f28e-dae46ed8cebf
KXATPMATCH-25NOV09ALCDE-DE,2025-11-09T14:00:51.851083Z,0.21,135,yes,79795214-beea-549f-3843-bf4072f06a2f
KXATPMATCH-25NOV09ALCDE-DE,2025-11-09T14:00:50.293473Z,0.21,4980,yes,e4a82e3f-b9d2-479f-b5cf-9c3ce39ea4d7
KXATPMATCH-25NOV09ALCDE-DE,2025-11-09T14:00:48.190758Z,0.21,1000,yes,0b4da6e4-0c2a-4f3f-7c47-c44f60cc455f
KXATPMATCH-25NOV09ALCDE-DE,2025-11-09T14:00:47.107451Z,0.21,20,yes,defe15d7-321a-6a8f-e162-078e763d6b27
KXATPMATCH-25NOV09ALCDE-DE,2025-11-09T14:00:45.66896Z,0.21,451,yes,cff625ad-de52-7c07-b0c0-62e8c9318163
KXATPMATCH-25NOV09ALCDE-DE,2025-11-09T14:00:35.875095Z,0.21,676,yes,f2a3837b-1286-6a6b-8eb2-8e28f5c99fcf
KXATPMATCH-25NOV09ALCDE-DE,2025-11-09T14:00:35.280351Z,0.21,54,yes,53112099-ebfe-42af-dcd9-aac279b44d07
KXATPMATCH-25NOV09ALCDE-DE,2025-11-09T14:00:31.059661Z,0.21,100,yes,0f69ce37-2976-6bab-138c-397a39503d5b
KXATPMATCH-25NOV09ALCDE-DE,2025-11-09T14:00:28.182989Z,0.21,451,yes,f072b660-d846-408b-4b70-d4d0cab19ccb
KXATPMATCH-25NOV09ALCDE-DE,2025-11-09T14:00:10.871729Z,0.21,225,yes,64fd3965-97fe-7e41-1f90-8f5c427890ba
KXATPMATCH-25NOV09ALCDE-DE,2025-11-09T13:59:53.552135Z,0.19,262,no,77e02448-8fa4-6708-ae32-0ac186433def
KXATPMATCH-25NOV09ALCDE-DE,2025-11-09T13:59:28.78146Z,0.2,105,yes,b2d6fe06-1850-4366-734d-ade46450ed7d
KXATPMATCH-25NOV09ALCDE-DE,2025-11-09T13:59:28.78146Z,0.2,349,yes,8a4e1003-15c0-4fb9-454a-49ada9084f35
KXATPMATCH-25NOV09ALCDE-DE,2025-11-09T13:59:24.150661Z,0.2,1,yes,3f35e972-175c-5375-a2c4-6ccf15e51c9d
KXATPMATCH-25NOV09ALCDE-DE,2025-11-09T13:59:20.455154Z,0.2,1000,yes,dd06baae-3b7b-6421-c4a1-60040ead337f
KXATPMATCH-25NOV09ALCDE-DE,2025-11-09T13:59:20.455154Z,0.21,258,yes,ccaa21b8-f916-6046-f341-abe6be8ed2a2
KXATPMATCH-25NOV09ALCDE-DE,2025-11-09T13:59:20.455154Z,0.2,2,yes,6392c149-2a61-6ba5-ee04-1c5e3deb8718
KXATPMATCH-25NOV09ALCDE-DE,2025-11-09T13:59:20.455154Z,0.2,20,yes,510423d1-d0c0-618d-e843-8cc117f1c7d7
KXATPMATCH-25NOV09ALCDE-DE,2025-11-09T13:59:20.455154Z,0.2,350,yes,381e9912-959a-6fb9-e080-e19ba73f8892
KXATPMATCH-25NOV09ALCDE-DE,2025-11-09T13:59:20.455154Z,0.2,200,yes,1f62abaf-92ba-6f6f-ef5e-224fb11eacae
KXATPMATCH-25NOV09ALCDE-DE,2025-11-09T13:59:20.455154Z,0.21,500,yes,1249fd8b-7326-687f-c788-aa4dc4d2dc4b
KXATPMATCH-25NOV09ALCDE-DE,2025-11-09T13:59:19.162505Z,0.19,102,yes,00d2b7a6-0192-41ff-4130-184116f452f6
KXATPMATCH-25NOV09ALCDE-DE,2025-11-09T13:59:15.850061Z,0.19,17,yes,f5e10cfb-f802-53db-6137-7571e9c48506
KXATPMATCH-25NOV09ALCDE-DE,2025-11-09T13:59:15.2047Z,0.19,88,yes,dde9e1bd-4b20-68a3-6e6b-1af10abe3a4d
KXATPMATCH-25NOV09ALCDE-DE,2025-11-09T13:59:15.2047Z,0.19,12,yes,1fcbebc7-6ffa-619f-47bc-dd9ff284c896
KXATPMATCH-25NOV09ALCDE-DE,2025-11-09T13:59:14.092589Z,0.19,12,yes,91bca216-eba0-63c3-0a97-af23e62eaab1
KXATPMATCH-25NOV09ALCDE-DE,2025-11-09T13:58:59.962174Z,0.2,18,yes,31068514-4b93-4261-b069-6eb990ebff93
KXATPMATCH-25NOV09ALCDE-DE,2025-11-09T13:58:46.966178Z,0.2,350,yes,e032dac5-e135-5f0c-9bc0-5f2b8cd91a65
KXATPMATCH-25NOV09ALCDE-DE,2025-11-09T13:58:46.966178Z,0.2,200,yes,6bc2c21a-e9bd-54ea-aa7f-1861ef6ccb7d
KXATPMATCH-25NOV09ALCDE-DE,2025-11-09T13:58:39.275491Z,0.17,55,yes,c7c44019-3be5-6b20-105a-4932cf29155c
KXATPMATCH-25NOV09ALCDE-DE,2025-11-09T13:58:19.157378Z,0.17,466,yes,37e6d795-b966-7cf2-9acd-d04442bb2ab8
KXATPMATCH-25NOV09ALCDE-DE,2025-11-09T13:58:17.674071Z,0.17,111,yes,ef84cf78-f4d6-73ba-40ac-2a30b949983c
KXATPMATCH-25NOV09ALCDE-DE,2025-11-09T13:58:09.900425Z,0.18,94,yes,8dd0cad1-bd67-596e-896a-ac545d061229
KXATPMATCH-25NOV09ALCDE-DE,2025-11-09T13:58:07.869852Z,0.19,275,no,851bbad3-196e-7946-b1ac-2f0d9aa7c697
KXATPMATCH-25NOV09ALCDE-DE,2025-11-09T13:58:07.280788Z,0.19,25,no,ba0506df-900e-60d6-b66d-6f583baf815f
KXATPMATCH-25NOV09ALCDE-DE,2025-11-09T13:58:05.174575Z,0.21,225,yes,c929e3b0-be58-59dc-e320-ec774ae10713
KXATPMATCH-25NOV09ALCDE-DE,2025-11-09T13:58:00.481857Z,0.21,45,yes,7086a28e-1a14-6d58-5a00-22c2a25cb3b3
KXATPMATCH-25NOV09ALCDE-DE,2025-11-09T13:57:59.111585Z,0.21,674,yes,c5587684-c256-4435-fe64-ace4d6c0ad35
KXATPMATCH-25NOV09ALCDE-DE,2025-11-09T13:57:59.111585Z,0.21,265,yes,729f8e2c-6d14-4163-d752-85ca003ac069
KXATPMATCH-25NOV09ALCDE-DE,2025-11-09T13:57:58.752221Z,0.21,1326,yes,0aa5d200-22ca-4ded-e036-5c1ba58bb7a1
KXATPMATCH-25NOV09ALCDE-DE,2025-11-09T13:57:57.422151Z,0.21,98,yes,b4971f75-f4a6-5008-35f6-b3598d910930
KXATPMATCH-25NOV09ALCDE-DE,2025-11-09T13:57:45.231784Z,0.2,350,yes,d657cf38-a8b5-5269-28a6-256a443c39a4
KXATPMATCH-25NOV09ALCDE-DE,2025-11-09T13:57:45.231784Z,0.2,200,yes,60b22ee0-3527-5a9b-29e9-299804efc6e5
KXATPMATCH-25NOV09ALCDE-DE,2025-11-09T13:57:45.231784Z,0.2,350,yes,5a36f2ea-8937-5cb1-1af9-efc93aa87d1e
KXATPMATCH-25NOV09ALCDE-DE,2025-11-09T13:57:42.467592Z,0.2,46,no,11dac381-5c51-519f-1fba-5013460bb8a6
KXATPMATCH-25NOV09ALCDE-DE,2025-11-09T13:57:39.472627Z,0.2,300,no,67950c06-e551-64bf-510c-7f870e33a1ae
KXATPMATCH-25NOV09ALCDE-DE,2025-11-09T13:57:39.225314Z,0.2,578,no,6a02d892-43f9-5fbf-4ce9-3fb9494c9656
KXATPMATCH-25NOV09ALCDE-DE,2025-11-09T13:57:37.495277Z,0.2,526,yes,df09f000-733c-523e-d39e-07183281258d
KXATPMATCH-25NOV09ALCDE-DE,2025-11-09T13:57:37.495277Z,0.2,350,yes,819074d1-9048-57c0-edf5-25e961f62fd0
KXATPMATCH-25NOV09ALCDE-DE,2025-11-09T13:57:37.495277Z,0.19,2000,yes,7dd08b75-6117-5f47-c4b0-612b4ef705ab
KXATPMATCH-25NOV09ALCDE-DE,2025-11-09T13:57:37.495277Z,0.2,200,yes,4924bbf5-2d02-5d9e-da66-97c2fafacc59
