ticker,created_time,price,count,taker_side,trade_id
KXATPMATCH-25NOV08NORTIE-NOR,2025-11-08T17:49:31.439479Z,0.01,23379,yes,bfc7fffd-ea07-4508-1307-9f99330268f8
KXATPMATCH-25NOV08NORTIE-NOR,2025-11-08T17:49:29.094837Z,0.1,10,no,f413307f-9a99-6a3a-8760-19fef61495fc
KXATPMATCH-25NOV08NORTIE-NOR,2025-11-08T17:49:29.094837Z,0.09,11,no,eb9051e2-986c-60c1-b74a-dc4f4054015d
KXATPMATCH-25NOV08NORTIE-NOR,2025-11-08T17:49:29.094837Z,0.03,166,no,dfa6a832-9607-6c31-a2d6-66d49980f415
KXATPMATCH-25NOV08NORTIE-NOR,2025-11-08T17:49:29.094837Z,0.19,5,no,cc81e5e1-ff50-68c3-83cd-4a8ccfd98db7
KXATPMATCH-25NOV08NORTIE-NOR,2025-11-08T17:49:29.094837Z,0.11,9,no,cc6a1162-6162-6fc6-bb8b-5816e699c929
KXATPMATCH-25NOV08NORTIE-NOR,2025-11-08T17:49:29.094837Z,0.01,100,no,baa9070b-754d-6ad0-8e3a-b1699da35ee8
KXATPMATCH-25NOV08NORTIE-NOR,2025-11-08T17:49:29.094837Z,0.04,124,no,b95dbcb7-51b6-6ced-8261-66fd8e1a0f02
KXATPMATCH-25NOV08NORTIE-NOR,2025-11-08T17:49:29.094837Z,0.03,500,no,b3d83e5b-d434-6384-b7bd-41754b6d5b20
KXATPMATCH-25NOV08NORTIE-NOR,2025-11-08T17:49:29.094837Z,0.05,90,no,b2cfbe91-3f31-6ba9-beea-e52b67cca5e9
KXATPMATCH-25NOV08NORTIE-NOR,2025-11-08T17:49:29.094837Z,0.23,4,no,b0b959d4-049c-6087-86f7-e448b0aa81e0
KXATPMATCH-25NOV08NORTIE-NOR,2025-11-08T17:49:29.094837Z,0.06,16,no,afa5fa26-ddb8-61c0-a61f-cb0a21ab4d2f
KXATPMATCH-25NOV08NORTIE-NOR,2025-11-08T17:49:29.094837Z,0.15,6,no,ac7523ed-ee00-6302-826d-6a83e75d7e50
KXATPMATCH-25NOV08NORTIE-NOR,2025-11-08T17:49:29.094837Z,0.02,500,no,a699ce80-c1fc-6a0b-96dd-fd5e4b77942d
KXATPMATCH-25NOV08NORTIE-NOR,2025-11-08T17:49:29.094837Z,0.03,99,no,897194b4-2d14-6c5d-b9e8-f57c962abbc3
KXATPMATCH-25NOV08NORTIE-NOR,2025-11-08T17:49:29.094837Z,0.2,4,no,7dd45784-bf34-657e-8881-9ad2cfed6cf0
KXATPMATCH-25NOV08NORTIE-NOR,2025-11-08T17:49:29.094837Z,0.09,55,no,7bcee7b4-a6d7-6b2d-a6f0-e10cd39f5447
KXATPMATCH-25NOV08NORTIE-NOR,2025-11-08T17:49:29.094837Z,0.16,6,no,7842bd52-1c9d-674b-afc2-77dab9ad28fe
KXATPMATCH-25NOV08NORTIE-NOR,2025-11-08T17:49:29.094837Z,0.04,25,no,7244333d-e63c-6208-a4e4-973e0771dbf5
KXATPMATCH-25NOV08NORTIE-NOR,2025-11-08T17:49:29.094837Z,0.07,14,no,6d4bb730-6b8b-6337-8ccf-e033b6ebda42
KXATPMATCH-25NOV08NORTIE-NOR,2025-11-08T17:49:29.094837Z,0.05,20,no,67d7a22a-f8e0-6708-bee2-c6296c65a7eb
KXATPMATCH-25NOV08NORTIE-NOR,2025-11-08T17:49:29.094837Z,0.13,200,no,64c161ae-a96b-62ca-a475-a05de4c7a9ee
KXATPMATCH-25NOV08NORTIE-NOR,2025-11-08T17:49:29.094837Z,0.18,5,no,5fd416ab-0379-682c-87f1-f31e67a05b91
KXATPMATCH-25NOV08NORTIE-NOR,2025-11-08T17:49:29.094837Z,0.03,33,no,4bf7b2e5-dbce-61f9-9508-ab8c073fe3e5
KXATPMATCH-25NOV08NORTIE-NOR,2025-11-08T17:49:29.094837Z,0.08,12,no,45aa7bf4-c2fc-6cdc-8230-5f171ea17986
KXATPMATCH-25NOV08NORTIE-NOR,2025-11-08T17:49:29.094837Z,0.21,4,no,4357e934-e0d3-669d-b0b4-77a4ee4cf5da
KXATPMATCH-25NOV08NORTIE-NOR,2025-11-08T17:49:29.094837Z,0.12,8,no,345395f4-f1ee-68c7-9ca2-8e880d39b74b
KXATPMATCH-25NOV08NORTIE-NOR,2025-11-08T17:49:29.094837Z,0.14,7,no,2afc1eef-fe70-6ef2-9ac6-91c7e54ded44
KXATPMATCH-25NOV08NORTIE-NOR,2025-11-08T17:49:29.094837Z,0.22,4,no,28ceb1de-1466-6703-8c8c-8386abfd3dc9
KXATPMATCH-25NOV08NORTIE-NOR,2025-11-08T17:49:29.094837Z,0.03,66,no,27733215-9e29-6003-b3f3-cc739cf95fc5
KXATPMATCH-25NOV08NORTIE-NOR,2025-11-08T17:49:29.094837Z,0.13,7,no,21c31658-04b5-62fb-807f-e15acfb0b7d4
KXATPMATCH-25NOV08NORTIE-NOR,2025-11-08T17:49:29.094837Z,0.01,1000,no,131cd934-62aa-6f6e-906a-a545b6e723a2
KXATPMATCH-25NOV08NORTIE-NOR,2025-11-08T17:49:29.094837Z,0.28,442,no,0b39c2f9-bc79-608d-a143-d37ec8da11d5
KXATPMATCH-25NOV08NORTIE-NOR,2025-11-08T17:49:29.094837Z,0.02,50,no,03d44986-cf75-6ead-a14b-357d4366e8c5
KXATPMATCH-25NOV08NORTIE-NOR,2025-11-08T17:49:29.094837Z,0.17,5,no,001331ea-51f3-635e-9b39-1a959fb0dadd
KXATPMATCH-25NOV08NORTIE-NOR,2025-11-08T17:49:25.581737Z,0.35,66,yes,5a2b3fab-825a-5f95-3f84-8d0dea85e64f
KXATPMATCH-25NOV08NORTIE-NOR,2025-11-08T17:49:25.231978Z,0.34,10,yes,d19a0ed1-5e21-6934-19d8-58497243654d
KXATPMATCH-25NOV08NORTIE-NOR,2025-11-08T17:49:25.231978Z,0.34,12,yes,631412ba-d09b-6850-0450-f1fcc9a11abf
KXATPMATCH-25NOV08NORTIE-NOR,2025-11-08T17:49:24.945196Z,0.28,99,no,93c1ae32-1945-515d-5337-619de9186c05
KXATPMATCH-25NOV08NORTIE-NOR,2025-11-08T17:49:23.263836Z,0.34,28,yes,5ed8c74c-acc7-5ed0-af3b-006cd755d56f
KXATPMATCH-25NOV08NORTIE-NOR,2025-11-08T17:49:22.407381Z,0.28,6,no,d21e72d6-7081-4a0d-f209-e343c4442e3d
KXATPMATCH-25NOV08NORTIE-NOR,2025-11-08T17:49:20.356974Z,0.28,10,no,96c2a9b1-6675-7e45-fed8-d02e9e7675b5
KXATPMATCH-25NOV08NORTIE-NOR,2025-11-08T17:49:18.813884Z,0.33,30,yes,601e7d9a-d171-484c-9903-ebd66ef583f0
KXATPMATCH-25NOV08NORTIE-NOR,2025-11-08T17:49:13.136154Z,0.28,43,no,61a4565f-6ad9-6ea5-c771-dc3ac9ac6135
KXATPMATCH-25NOV08NORTIE-NOR,2025-11-08T17:49:08.845037Z,0.25,100,no,f3745db1-54e8-7632-5a1e-bdfd72506134
KXATPMATCH-25NOV08NORTIE-NOR,2025-11-08T17:49:08.845037Z,0.25,2,no,ba04be70-a1ae-7914-5d0e-0218641eaa6d
KXATPMATCH-25NOV08NORTIE-NOR,2025-11-08T17:49:08.845037Z,0.24,1253,no,990fd093-6d45-7676-7801-3b2dfdd1f3d4
KXATPMATCH-25NOV08NORTIE-NOR,2025-11-08T17:49:08.845037Z,0.24,4,no,9805f9e1-3018-73e7-46c4-82ffb5c02388
KXATPMATCH-25NOV08NORTIE-NOR,2025-11-08T17:49:08.707082Z,0.3,31,yes,b9c16f34-3c09-4ca5-d946-624882719bde
KXATPMATCH-25NOV08NORTIE-NOR,2025-11-08T17:49:06.175939Z,0.25,3,no,feb21cdb-e992-59e4-2e97-f586709e03c5
KXATPMATCH-25NOV08NORTIE-NOR,2025-11-08T17:49:06.175939Z,0.25,4,no,c50ff639-7c0a-5d09-378e-9956123b08ec
KXATPMATCH-25NOV08NORTIE-NOR,2025-11-08T17:49:01.548994Z,0.28,340,yes,e157d1c3-2d98-670d-1409-439cd52fe099
KXATPMATCH-25NOV08NORTIE-NOR,2025-11-08T17:48:59.774516Z,0.28,17,yes,85ce0bb2-7810-41e9-3edb-5c02ddab67b9
KXATPMATCH-25NOV08NORTIE-NOR,2025-11-08T17:48:54.764218Z,0.29,43,yes,e3f46162-173d-74b7-9e2e-9a9402ea5915
KXATPMATCH-25NOV08NORTIE-NOR,2025-11-08T17:48:53.479209Z,0.33,500,no,ebeea111-3a26-4da6-845b-cc66a524689c
KXATPMATCH-25NOV08NORTIE-NOR,2025-11-08T17:48:53.479209Z,0.33,50,no,73fe6b64-ee1e-42a7-a3ae-54dd708ef42b
KXATPMATCH-25NOV08NORTIE-NOR,2025-11-08T17:48:52.635359Z,0.34,10,yes,f5e8f5a9-a03f-4f64-74b0-a84fc9197c67
KXATPMATCH-25NOV08NORTIE-NOR,2025-11-08T17:48:51.366271Z,0.34,255,yes,00bae28d-dd6c-7c2c-0ec6-61a595921224
KXATPMATCH-25NOV08NORTIE-NOR,2025-11-08T17:48:51.173077Z,0.34,14,yes,3edb481f-7430-55f4-e2b3-8bc337e8146c
KXATPMATCH-25NOV08NORTIE-NOR,2025-11-08T17:48:49.574658Z,0.34,3,yes,c309c395-1bf4-54d0-d622-c38ecdba3bd4
KXATPMATCH-25NOV08NORTIE-NOR,2025-11-08T17:48:48.678838Z,0.34,2,yes,f71ccf56-1efc-57c7-3153-f51b77c64815
KXATPMATCH-25NOV08NORTIE-NOR,2025-11-08T17:48:47.372259Z,0.33,469,no,dd24b550-0efc-4631-5300-ffa1b6338fd9
KXATPMATCH-25NOV08NORTIE-NOR,2025-11-08T17:48:47.372259Z,0.33,100,no,56499b5f-2df1-494b-77ad-ec6f0cfa1b1f
KXATPMATCH-25NOV08NORTIE-NOR,2025-11-08T17:48:44.605152Z,0.34,56,yes,668a1d96-323c-7737-3368-56edbcf0e875
KXATPMATCH-25NOV08NORTIE-NOR,2025-11-08T17:48:42.673518Z,0.33,24,no,ac2f4a3c-3add-665a-609f-a86e3afce188
KXATPMATCH-25NOV08NORTIE-NOR,2025-11-08T17:48:42.673518Z,0.33,44,no,956ad63b-c09b-6fa8-431d-cf8ef12349fd
KXATPMATCH-25NOV08NORTIE-NOR,2025-11-08T17:48:37.370874Z,0.33,300,no,2e2ff436-d4c9-6bee-604a-d079960d0b9c
KXATPMATCH-25NOV08NORTIE-NOR,2025-11-08T17:48:37.311981Z,0.34,70,yes,4bed6c7a-d7dc-7266-4e2e-dc306c27ebda
KXATPMATCH-25NOV08NORTIE-NOR,2025-11-08T17:48:36.4277Z,0.34,14,yes,9a0eace4-a884-40ba-72d0-a33bf6efd06e
KXATPMATCH-25NOV08NORTIE-NOR,2025-11-08T17:48:31.99562Z,0.35,21,yes,03ad742a-95a5-486e-fb1f-caa88d2812da
KXATPMATCH-25NOV08NORTIE-NOR,2025-11-08T17:48:31.399575Z,0.33,202,no,72f55437-8f0d-6fde-028a-bdd25653a910
KXATPMATCH-25NOV08NORTIE-NOR,2025-11-08T17:48:29.46032Z,0.34,98,yes,1baf4817-64d7-52f1-0dee-da3336944784
KXATPMATCH-25NOV08NORTIE-NOR,2025-11-08T17:48:26.736271Z,0.34,70,yes,571cc29b-1de7-6ae2-05f7-d363456a0de5
KXATPMATCH-25NOV08NORTIE-NOR,2025-11-08T17:48:23.284498Z,0.35,10,yes,74211b63-1a3f-44d0-093b-88caac078c4d
KXATPMATCH-25NOV08NORTIE-NOR,2025-11-08T17:48:20.805618Z,0.23,4,no,b649c994-c897-410c-47f3-b3b959997ae2
KXATPMATCH-25NOV08NORTIE-NOR,2025-11-08T17:48:20.805618Z,0.22,84,no,b35167a2-6735-4096-53a3-ba5e281d13da
KXATPMATCH-25NOV08NORTIE-NOR,2025-11-08T17:48:20.805618Z,0.25,4,no,7e106872-f850-4597-50b1-528ab0bae6a5
KXATPMATCH-25NOV08NORTIE-NOR,2025-11-08T17:48:20.805618Z,0.22,4,no,41fcf893-6058-47e6-5998-c7793c128ef4
KXATPMATCH-25NOV08NORTIE-NOR,2025-11-08T17:48:20.805618Z,0.24,4,no,21d079df-c9b7-4bef-49bf-0068d9418ddf
KXATPMATCH-25NOV08NORTIE-NOR,2025-11-08T17:48:20.777774Z,0.37,100,no,bff3043e-04f3-4558-068c-797163ab9c61
KXATPMATCH-25NOV08NORTIE-NOR,2025-11-08T17:48:20.443484Z,0.53,100,no,eff8533a-00ea-77ac-47e4-71354f1b38a6
KXATPMATCH-25NOV08NORTIE-NOR,2025-11-08T17:48:20.443484Z,0.51,100,no,ec1d1486-71dd-70ca-52c5-18dc82b3a3b9
KXATPMATCH-25NOV08NORTIE-NOR,2025-11-08T17:48:20.443484Z,0.52,100,no,82557a55-cb95-7b43-46ae-6389760f64ec
KXATPMATCH-25NOV08NORTIE-NOR,2025-11-08T17:48:20.443484Z,0.52,100,no,62ea796a-a186-7e07-4b19-b42d95377651
KXATPMATCH-25NOV08NORTIE-NOR,2025-11-08T17:48:05.579231Z,0.5,15,no,a17fbd9a-fca7-6e27-63ad-cd6677951d21
KXATPMATCH-25NOV08NORTIE-NOR,2025-11-08T17:48:04.664737Z,0.5,21,no,9d6620d3-a023-723e-9ff4-48de403c04c9
KXATPMATCH-25NOV08NORTIE-NOR,2025-11-08T17:47:57.743978Z,0.58,50,yes,ee94fb0c-bd3d-6c03-2035-5aa3b54a591d
KXATPMATCH-25NOV08NORTIE-NOR,2025-11-08T17:47:56.817068Z,0.55,15,yes,a94255b4-354f-4048-5303-72db35931435
KXATPMATCH-25NOV08NORTIE-NOR,2025-11-08T17:47:42.579662Z,0.53,68,yes,28cda93a-6a17-70f0-2004-f8bb848e3d02
KXATPMATCH-25NOV08NORTIE-NOR,2025-11-08T17:47:42.420339Z,0.52,526,no,df919463-bf87-7b85-2fd6-4baf30c5c039
KXATPMATCH-25NOV08NORTIE-NOR,2025-11-08T17:47:42.420339Z,0.52,217,no,7c315fa1-5815-727e-0097-62dab2bfb9b5
KXATPMATCH-25NOV08NORTIE-NOR,2025-11-08T17:47:42.420339Z,0.5,500,no,5cf873aa-e049-7867-226e-460e959b3cf6
KXATPMATCH-25NOV08NORTIE-NOR,2025-11-08T17:47:42.420339Z,0.51,526,no,0b8515ec-3048-77b4-2525-e17c016b420d
KXATPMATCH-25NOV08NORTIE-NOR,2025-11-08T17:47:41.800522Z,0.52,222,no,442e09f2-1609-530e-ba74-917ec7d5b599
KXATPMATCH-25NOV08NORTIE-NOR,2025-11-08T17:47:37.051552Z,0.54,584,yes,f14107b9-909c-7d80-ce42-10ce1ed6021a
KXATPMATCH-25NOV08NORTIE-NOR,2025-11-08T17:47:37.051552Z,0.53,39,yes,910f4a34-9179-777a-cb3d-8a2534bd4e8e
KXATPMATCH-25NOV08NORTIE-NOR,2025-11-08T17:47:37.051552Z,0.54,274,yes,002a1815-35b6-752b-d6ec-454936d61a90
KXATPMATCH-25NOV08NORTIE-NOR,2025-11-08T17:47:34.933676Z,0.52,18,no,b7d1f2ff-fef9-7d1e-c0c8-954fab7fddf1
KXATPMATCH-25NOV08NORTIE-NOR,2025-11-08T17:47:33.645455Z,0.52,340,no,13a4a373-77f1-5a16-aa7f-2045887beb01
KXATPMATCH-25NOV08NORTIE-NOR,2025-11-08T17:47:29.279946Z,0.52,30,no,bf695db9-6a59-4eb6-d77b-8038607c6de9
KXATPMATCH-25NOV08NORTIE-NOR,2025-11-08T17:47:28.796938Z,0.52,77,no,3fde540c-8315-448e-bf30-631c7d1601f5
KXATPMATCH-25NOV08NORTIE-NOR,2025-11-08T17:47:27.579191Z,0.54,82,yes,0a1c3ad1-bb2a-71db-243a-982ca12f5300
KXATPMATCH-25NOV08NORTIE-NOR,2025-11-08T17:47:26.422843Z,0.52,96,no,54e70b23-da35-7c2a-225f-1626f1b44bd1
KXATPMATCH-25NOV08NORTIE-NOR,2025-11-08T17:47:25.972828Z,0.53,100,yes,8c3feaf8-038a-5ed0-3f04-f47fa95f2927
KXATPMATCH-25NOV08NORTIE-NOR,2025-11-08T17:47:25.972828Z,0.54,170,yes,41243536-2cd2-5b4b-0e02-afe79ba12388
KXATPMATCH-25NOV08NORTIE-NOR,2025-11-08T17:47:24.943614Z,0.52,200,no,7262fe82-b50c-60b3-81e7-6509feaaf3f7
KXATPMATCH-25NOV08NORTIE-NOR,2025-11-08T17:47:18.507276Z,0.54,100,yes,cd1edf55-39fd-76a6-f1fc-738eaa7a6841
KXATPMATCH-25NOV08NORTIE-NOR,2025-11-08T17:47:18.507276Z,0.54,217,yes,2d74542c-3ef1-7431-c7ea-9086529cb383
KXATPMATCH-25NOV08NORTIE-NOR,2025-11-08T17:47:17.722843Z,0.53,227,no,57ea8a15-4292-7911-f79e-406341ebe0e8
KXATPMATCH-25NOV08NORTIE-NOR,2025-11-08T17:47:17.328736Z,0.53,60,no,c2f1c877-f67a-64d5-e633-ec124061ab70
KXATPMATCH-25NOV08NORTIE-NOR,2025-11-08T17:47:17.216198Z,0.53,81,no,e14044d2-4e12-4c09-ca9f-041a2fff313c
KXATPMATCH-25NOV08NORTIE-NOR,2025-11-08T17:47:14.884754Z,0.53,150,no,9571c2b4-335e-5935-155e-2d94a8784ee8
KXATPMATCH-25NOV08NORTIE-NOR,2025-11-08T17:47:12.868386Z,0.49,100,yes,5440d8ac-1c6e-7bec-b173-752a641bc19f
KXATPMATCH-25NOV08NORTIE-NOR,2025-11-08T17:47:11.319547Z,0.76,65,yes,ff82fda1-921c-58b9-9ab3-48aa63c27e67
KXATPMATCH-25NOV08NORTIE-NOR,2025-11-08T17:47:11.319547Z,0.67,33,yes,d94fcaab-92c2-5a33-abe0-0645576e3b6f
KXATPMATCH-25NOV08NORTIE-NOR,2025-11-08T17:47:11.319547Z,0.55,17,yes,b692f273-25a9-5c5a-abea-79c99e09a5fc
KXATPMATCH-25NOV08NORTIE-NOR,2025-11-08T17:47:11.319547Z,0.54,44,yes,9a3173db-8e90-5a4d-bb50-076d78e28c6c
KXATPMATCH-25NOV08NORTIE-NOR,2025-11-08T17:47:11.319547Z,0.59,100,yes,693237fb-6aaf-5589-b0bb-70b96d797f2e
KXATPMATCH-25NOV08NORTIE-NOR,2025-11-08T17:47:11.319547Z,0.65,41,yes,5eec918b-c2b5-5386-a45f-deadf9820c74
KXATPMATCH-25NOV08NORTIE-NOR,2025-11-08T17:47:11.256934Z,0.53,9,yes,fcf17260-6121-66b2-43ac-03d94c4c523f
KXATPMATCH-25NOV08NORTIE-NOR,2025-11-08T17:47:11.256934Z,0.53,91,yes,afaec0fa-c12d-6a01-4d27-4ea0bed94431
KXATPMATCH-25NOV08NORTIE-NOR,2025-11-08T17:47:11.256934Z,0.55,100,yes,84b8da24-6879-69ee-6dd4-8218d0c71d04
KXATPMATCH-25NOV08NORTIE-NOR,2025-11-08T17:47:11.233349Z,0.47,300,no,549d5150-23c0-4cef-cf37-03eec6cd1f8e
KXATPMATCH-25NOV08NORTIE-NOR,2025-11-08T17:47:11.20977Z,0.33,100,yes,a9e6482d-15d9-5534-3924-58acce3f3e8b
KXATPMATCH-25NOV08NORTIE-NOR,2025-11-08T17:47:11.20977Z,0.44,2879,yes,7067dc62-8558-5164-1346-797e2546fe4a
KXATPMATCH-25NOV08NORTIE-NOR,2025-11-08T17:47:11.20977Z,0.32,500,yes,13668e65-9f56-503b-0482-b2e2220a4db7
KXATPMATCH-25NOV08NORTIE-NOR,2025-11-08T17:47:10.625023Z,0.31,30,yes,bebfdd2d-d363-4e73-ae92-ac9a8f48dc2f
KXATPMATCH-25NOV08NORTIE-NOR,2025-11-08T17:47:06.659254Z,0.39,21,yes,710dad9c-e146-4497-322c-bb14c608616b
KXATPMATCH-25NOV08NORTIE-NOR,2025-11-08T17:47:06.546049Z,0.24,1000,no,a37c6b77-40c7-639d-5512-af0495235d35
KXATPMATCH-25NOV08NORTIE-NOR,2025-11-08T17:47:06.546049Z,0.24,100,no,4d293501-b73a-6e3a-521e-36486527d943
KXATPMATCH-25NOV08NORTIE-NOR,2025-11-08T17:47:03.107877Z,0.25,1092,yes,5d4124f6-0de5-6fa4-2a63-af975f147cd1
KXATPMATCH-25NOV08NORTIE-NOR,2025-11-08T17:47:02.594794Z,0.24,100,no,fc65083e-be61-7b64-4977-1d6375acf4b5
KXATPMATCH-25NOV08NORTIE-NOR,2025-11-08T17:47:02.364686Z,0.24,500,yes,af1c6f99-2560-67af-1fec-f216460895e5
KXATPMATCH-25NOV08NORTIE-NOR,2025-11-08T17:47:02.011712Z,0.22,795,no,f55b562b-7776-6e5f-31f6-b958565b1fc6
KXATPMATCH-25NOV08NORTIE-NOR,2025-11-08T17:47:02.011712Z,0.23,1000,no,eb14f062-0fbd-6d31-11c8-1a617dd5c952
KXATPMATCH-25NOV08NORTIE-NOR,2025-11-08T17:47:02.011712Z,0.22,526,no,96104b0a-8b9e-63c8-0ac6-6b64eae3de16
KXATPMATCH-25NOV08NORTIE-NOR,2025-11-08T17:47:02.011712Z,0.23,526,no,84cf7106-3eab-6e3c-2143-b6566a06edaf
KXATPMATCH-25NOV08NORTIE-NOR,2025-11-08T17:47:00.011576Z,0.25,1,yes,8c779f3a-f40e-5c8c-05a4-1dd6334dcd6b
KXATPMATCH-25NOV08NORTIE-NOR,2025-11-08T17:46:56.110011Z,0.21,4,no,f03e14a8-2d80-7ce4-a2b7-f7f15a517734
KXATPMATCH-25NOV08NORTIE-NOR,2025-11-08T17:46:56.110011Z,0.2,1,no,47a86103-7238-74ca-9c7c-674db49fd760
KXATPMATCH-25NOV08NORTIE-NOR,2025-11-08T17:46:56.110011Z,0.2,100,no,2fb36d17-ae18-7dcc-a994-16b929a5277f
KXATPMATCH-25NOV08NORTIE-NOR,2025-11-08T17:46:55.57184Z,0.22,43,yes,d39797be-e987-4d55-9e08-cb5a987e6a06
KXATPMATCH-25NOV08NORTIE-NOR,2025-11-08T17:46:53.733861Z,0.22,1077,yes,cb28680d-704b-47d1-5af2-89ba67e71046
KXATPMATCH-25NOV08NORTIE-NOR,2025-11-08T17:46:52.76928Z,0.21,10,no,eb82571a-c5c6-7604-7786-fc17580d2255
KXATPMATCH-25NOV08NORTIE-NOR,2025-11-08T17:46:52.633301Z,0.21,119,no,7300b47c-28ba-6550-f281-e25f9f56ea85
KXATPMATCH-25NOV08NORTIE-NOR,2025-11-08T17:46:51.859426Z,0.22,21,yes,e3d30254-cd4f-69ed-8fc5-002045ce9736
KXATPMATCH-25NOV08NORTIE-NOR,2025-11-08T17:46:50.341372Z,0.21,109,no,79e15633-8be6-431c-c855-da5f1847b06d
KXATPMATCH-25NOV08NORTIE-NOR,2025-11-08T17:46:50.139599Z,0.22,193,yes,41267408-ea4f-5781-08d0-bc099e83a3ee
KXATPMATCH-25NOV08NORTIE-NOR,2025-11-08T17:46:50.079106Z,0.22,50,yes,0f161d5a-cd37-4b1b-854d-7dec39083115
KXATPMATCH-25NOV08NORTIE-NOR,2025-11-08T17:46:48.9791Z,0.22,100,yes,59024510-3a13-41a3-2c9f-4e53446d7411
KXATPMATCH-25NOV08NORTIE-NOR,2025-11-08T17:46:48.909145Z,0.21,102,no,e92bac23-d2f6-40a0-8178-137560d649cd
KXATPMATCH-25NOV08NORTIE-NOR,2025-11-08T17:46:48.609607Z,0.22,17,yes,6e695f67-f8f3-7ca7-bf76-e8325c9308f1
KXATPMATCH-25NOV08NORTIE-NOR,2025-11-08T17:46:47.974357Z,0.21,218,no,4460b03f-41ad-4e6a-347d-0b44f075d44c
KXATPMATCH-25NOV08NORTIE-NOR,2025-11-08T17:46:47.974357Z,0.2,189,no,1e228534-7706-4809-1203-b540a4b4e2a4
KXATPMATCH-25NOV08NORTIE-NOR,2025-11-08T17:46:47.564485Z,0.21,11,no,caa56b35-1989-53b6-74a8-22e341e055c0
KXATPMATCH-25NOV08NORTIE-NOR,2025-11-08T17:46:47.513254Z,0.22,81,yes,021e4053-7ed3-7977-5100-f0f3cffebf45
KXATPMATCH-25NOV08NORTIE-NOR,2025-11-08T17:46:47.270324Z,0.22,21,yes,42c291d6-37df-4423-a133-c7aa2a5bc5fd
KXATPMATCH-25NOV08NORTIE-NOR,2025-11-08T17:46:46.591394Z,0.21,193,no,420b31f1-e0d1-5d4e-9eeb-3b00007e1dcc
KXATPMATCH-25NOV08NORTIE-NOR,2025-11-08T17:46:46.114004Z,0.21,104,no,32a203c9-4925-4bca-e988-aa0f212cf4f8
KXATPMATCH-25NOV08NORTIE-NOR,2025-11-08T17:46:45.340526Z,0.2,74,no,33c6acc2-a95e-6c3d-4faf-991a30e9b8e0
KXATPMATCH-25NOV08NORTIE-NOR,2025-11-08T17:46:44.918828Z,0.2,500,yes,92145755-2535-7a6a-fe2b-76d9d4656e49
KXATPMATCH-25NOV08NORTIE-NOR,2025-11-08T17:46:44.72197Z,0.27,526,yes,a1f662d1-bc73-73e1-bd1f-b88509b9e303
KXATPMATCH-25NOV08NORTIE-NOR,2025-11-08T17:46:44.72197Z,0.28,478,yes,807f9e83-ce4b-7bce-9013-1c26eab11494
KXATPMATCH-25NOV08NORTIE-NOR,2025-11-08T17:46:43.671278Z,0.17,162,no,d1cbfb82-a7f3-7739-9c22-7bb68e4bf302
KXATPMATCH-25NOV08NORTIE-NOR,2025-11-08T17:46:43.671278Z,0.17,395,no,93e348ef-3732-7bce-96ec-446887875cac
KXATPMATCH-25NOV08NORTIE-NOR,2025-11-08T17:46:43.671278Z,0.18,365,no,603f8ea5-96bc-7a34-8802-9cb32d985416
KXATPMATCH-25NOV08NORTIE-NOR,2025-11-08T17:46:43.056809Z,0.18,99,no,74361489-7928-6cdc-8c78-473860880cbe
KXATPMATCH-25NOV08NORTIE-NOR,2025-11-08T17:46:40.652515Z,0.2,1000,no,ebe93b46-9cd7-4290-83b9-489c64b34979
KXATPMATCH-25NOV08NORTIE-NOR,2025-11-08T17:46:40.652515Z,0.18,62,no,8d50df51-d898-4254-83a9-f564b4c034fa
KXATPMATCH-25NOV08NORTIE-NOR,2025-11-08T17:46:40.652515Z,0.2,40,no,808f7f71-0fb6-42e2-893b-0456d620672a
KXATPMATCH-25NOV08NORTIE-NOR,2025-11-08T17:46:40.652515Z,0.19,526,no,1a6fc475-0971-409a-a7f9-575f3a77b7f9
KXATPMATCH-25NOV08NORTIE-NOR,2025-11-08T17:46:40.322809Z,0.2,49,no,30329528-5f6e-4f6e-7e90-85c3e062a326
KXATPMATCH-25NOV08NORTIE-NOR,2025-11-08T17:46:40.29055Z,0.2,422,no,8a80b4c2-69ae-4e96-3c77-60775b1ded36
KXATPMATCH-25NOV08NORTIE-NOR,2025-11-08T17:46:39.727717Z,0.2,15,no,6775edad-df3e-536a-726e-7be92eeb2b8e
KXATPMATCH-25NOV08NORTIE-NOR,2025-11-08T17:46:38.916672Z,0.2,526,no,55d2f2cc-5e56-5426-36ad-3b8f01a92ec3
KXATPMATCH-25NOV08NORTIE-NOR,2025-11-08T17:46:38.916672Z,0.2,103,no,355a5518-4903-525c-1120-c2aa1b25299e
KXATPMATCH-25NOV08NORTIE-NOR,2025-11-08T17:46:38.403113Z,0.2,651,yes,19acb7da-f53e-4039-5719-533c3b254218
KXATPMATCH-25NOV08NORTIE-NOR,2025-11-08T17:46:37.304376Z,0.18,511,no,9cad2b9f-907d-419f-3442-ceeb665c515b
KXATPMATCH-25NOV08NORTIE-NOR,2025-11-08T17:46:37.304376Z,0.19,482,no,6e8fad0b-b8bc-494e-2e54-ad663955b042
KXATPMATCH-25NOV08NORTIE-NOR,2025-11-08T17:46:37.304376Z,0.18,305,no,288d91bc-dd53-4218-11bc-3fc4f8ffa33c
KXATPMATCH-25NOV08NORTIE-NOR,2025-11-08T17:46:36.287723Z,0.2,23,yes,52c137cf-509a-5d89-ed06-a80a3da65d4c
KXATPMATCH-25NOV08NORTIE-NOR,2025-11-08T17:46:35.043438Z,0.19,17,no,f761653f-aa58-7392-2efb-93723696894e
KXATPMATCH-25NOV08NORTIE-NOR,2025-11-08T17:46:34.205199Z,0.19,27,no,0839eb03-28dc-4f46-781b-59b0d1d13d6a
KXATPMATCH-25NOV08NORTIE-NOR,2025-11-08T17:46:33.411088Z,0.2,4,yes,85b92a7c-b776-53b9-fd36-66749e169574
KXATPMATCH-25NOV08NORTIE-NOR,2025-11-08T17:46:32.012989Z,0.18,221,no,4e5dad39-56ff-7e3c-5b9f-d240cedfa964
KXATPMATCH-25NOV08NORTIE-NOR,2025-11-08T17:46:31.289288Z,0.19,71,no,e726565d-6300-7cb4-e229-c2aea0fe6f70
KXATPMATCH-25NOV08NORTIE-NOR,2025-11-08T17:46:31.289288Z,0.19,526,no,cd60d617-9192-7774-f775-ad03ab528379
KXATPMATCH-25NOV08NORTIE-NOR,2025-11-08T17:46:31.289288Z,0.17,537,no,b5a326b2-4ef6-73d6-f732-29c84cde156c
KXATPMATCH-25NOV08NORTIE-NOR,2025-11-08T17:46:30.976035Z,0.2,5,yes,9d582b56-26be-525d-b00d-60a17bf2d110
KXATPMATCH-25NOV08NORTIE-NOR,2025-11-08T17:46:29.34368Z,0.2,3,yes,7128093f-328e-69e5-ae8a-d08b6753832c
KXATPMATCH-25NOV08NORTIE-NOR,2025-11-08T17:46:26.515028Z,0.2,340,yes,fad4b291-d8a2-60ed-ef23-523993b69f8c
KXATPMATCH-25NOV08NORTIE-NOR,2025-11-08T17:46:25.347895Z,0.26,18,no,b9d826f1-1c9c-4b2d-4da2-60bf3cd9c81e
KXATPMATCH-25NOV08NORTIE-NOR,2025-11-08T17:46:25.347895Z,0.2,1,no,42cf2a5c-09e4-4972-4bc5-6a10166a0ab5
KXATPMATCH-25NOV08NORTIE-NOR,2025-11-08T17:46:25.078337Z,0.2,1,yes,4a7df963-b1bb-500c-e2f2-286e3bc9676e
KXATPMATCH-25NOV08NORTIE-NOR,2025-11-08T17:46:25.058676Z,0.26,1000,no,bb5c55ca-ce98-792c-851b-8eb862d131e2
KXATPMATCH-25NOV08NORTIE-NOR,2025-11-08T17:46:25.058676Z,0.25,4,no,10da078c-43a4-7f46-a965-f3e72dcaa2ad
KXATPMATCH-25NOV08NORTIE-NOR,2025-11-08T17:46:24.693696Z,0.21,4,no,cde5ff1c-b0b7-70fc-fa39-e844fc92eac5
KXATPMATCH-25NOV08NORTIE-NOR,2025-11-08T17:46:24.693696Z,0.24,4,no,9ba7d3fb-0b12-7a4a-c57e-b948f452287e
KXATPMATCH-25NOV08NORTIE-NOR,2025-11-08T17:46:24.693696Z,0.2,5,no,7fd57425-87f6-705e-ca33-3ef100e50251
KXATPMATCH-25NOV08NORTIE-NOR,2025-11-08T17:46:24.693696Z,0.17,5,no,7a1736e0-43fc-7743-c7c0-6e59548285d7
KXATPMATCH-25NOV08NORTIE-NOR,2025-11-08T17:46:24.693696Z,0.19,5,no,65d755bd-07c0-789f-ef54-b5cbd83a44cf
KXATPMATCH-25NOV08NORTIE-NOR,2025-11-08T17:46:24.693696Z,0.18,5,no,4833e1c9-fd30-73db-d400-f7bf13d1764c
KXATPMATCH-25NOV08NORTIE-NOR,2025-11-08T17:46:24.693696Z,0.25,4,no,245a9b98-f49e-7a46-cf2e-9bb623de1129
KXATPMATCH-25NOV08NORTIE-NOR,2025-11-08T17:46:24.693696Z,0.23,4,no,0e5e4c02-4098-7508-cebe-4247d879d355
KXATPMATCH-25NOV08NORTIE-NOR,2025-11-08T17:46:24.693696Z,0.17,126,no,09b415c2-8962-7f76-d2db-9413f2e14ce8
KXATPMATCH-25NOV08NORTIE-NOR,2025-11-08T17:46:24.693696Z,0.22,4,no,065c85aa-57a4-74c1-fbf3-f89a5be45ffa
KXATPMATCH-25NOV08NORTIE-NOR,2025-11-08T17:46:24.417917Z,0.26,166,no,a79b97df-76be-672c-69d3-b4fbef2e7f73
KXATPMATCH-25NOV08NORTIE-NOR,2025-11-08T17:46:24.371868Z,0.36,200,no,34d41de4-67d2-5ef8-ff08-9abd272c48d2
KXATPMATCH-25NOV08NORTIE-NOR,2025-11-08T17:46:23.74927Z,0.53,100,yes,baf2530e-19b1-62e6-ca6c-009f0de3813b
KXATPMATCH-25NOV08NORTIE-NOR,2025-11-08T17:46:23.348182Z,0.35,100,no,b0406d49-678f-53bc-13e3-6dcdf7aad8ac
KXATPMATCH-25NOV08NORTIE-NOR,2025-11-08T17:46:23.348182Z,0.4,71,no,a86e9913-d8f8-5a66-3a55-66e56e803aeb
KXATPMATCH-25NOV08NORTIE-NOR,2025-11-08T17:46:23.348182Z,0.49,500,no,98964f16-9bf8-596e-2d2f-9e0c97301fba
KXATPMATCH-25NOV08NORTIE-NOR,2025-11-08T17:46:23.348182Z,0.39,114,no,658f5cb5-06c7-5a64-3a5d-2fdf9b790fe3
KXATPMATCH-25NOV08NORTIE-NOR,2025-11-08T17:46:23.348182Z,0.37,2879,no,638fb2f8-a6a8-5cbe-36dd-290739e0e935
KXATPMATCH-25NOV08NORTIE-NOR,2025-11-08T17:46:23.348182Z,0.45,90,no,1c04ca52-92e3-5cb5-1fc3-2d511871d121
KXATPMATCH-25NOV08NORTIE-NOR,2025-11-08T17:46:20.566189Z,0.53,18,yes,c1282b4f-495d-6936-12eb-87a3f0f2a003
KXATPMATCH-25NOV08NORTIE-NOR,2025-11-08T17:46:19.485944Z,0.53,18,yes,c86730ba-87e5-64ea-4950-de0c31702f0b
KXATPMATCH-25NOV08NORTIE-NOR,2025-11-08T17:46:14.089349Z,0.53,18,yes,2e711715-97d9-4d5a-5940-de45790a95ef
KXATPMATCH-25NOV08NORTIE-NOR,2025-11-08T17:46:11.64836Z,0.53,37,yes,27ac5e86-1cd9-422e-faa5-b813f3430bbb
KXATPMATCH-25NOV08NORTIE-NOR,2025-11-08T17:46:07.375736Z,0.53,27,yes,c21affea-93de-63b8-fc80-c512649c1aea
KXATPMATCH-25NOV08NORTIE-NOR,2025-11-08T17:46:03.219825Z,0.53,492,yes,cc3e6a96-32ef-5db3-39d7-ae2949ba1161
KXATPMATCH-25NOV08NORTIE-NOR,2025-11-08T17:46:03.219825Z,0.53,79,yes,30b5576b-c97d-5f6c-25fd-b9378eabfce5
KXATPMATCH-25NOV08NORTIE-NOR,2025-11-08T17:46:01.754193Z,0.53,36,yes,e8e426cc-46d7-518b-3454-3412a6c93dd1
KXATPMATCH-25NOV08NORTIE-NOR,2025-11-08T17:46:01.643972Z,0.51,526,no,c01b0146-ecf0-7e74-39ee-a90ea5d8635f
KXATPMATCH-25NOV08NORTIE-NOR,2025-11-08T17:46:01.643972Z,0.49,565,no,bc2a1667-f339-7d07-027c-1af8bb286512
KXATPMATCH-25NOV08NORTIE-NOR,2025-11-08T17:46:01.643972Z,0.52,344,no,9374f80d-52ae-7b9b-1cb5-c765cf5ea178
KXATPMATCH-25NOV08NORTIE-NOR,2025-11-08T17:46:01.643972Z,0.51,1000,no,8dcde81e-d659-77aa-1972-5e572eda1e0b
KXATPMATCH-25NOV08NORTIE-NOR,2025-11-08T17:46:01.643972Z,0.5,432,no,0d2a970d-6a99-7168-1e0e-95ae5045f176
KXATPMATCH-25NOV08NORTIE-NOR,2025-11-08T17:46:01.435517Z,0.52,182,no,1a7d813d-ac76-566f-361e-73a1ab8ec2c8
KXATPMATCH-25NOV08NORTIE-NOR,2025-11-08T17:45:59.842035Z,0.53,182,yes,43fb6705-b647-44e3-6c26-d8e10d250175
KXATPMATCH-25NOV08NORTIE-NOR,2025-11-08T17:45:57.855763Z,0.52,2,yes,08d57420-efd1-5ac9-2b22-e0c4651322d7
KXATPMATCH-25NOV08NORTIE-NOR,2025-11-08T17:45:57.759068Z,0.52,5,yes,25fdf60a-314d-4581-65a7-1d276e0f7043
KXATPMATCH-25NOV08NORTIE-NOR,2025-11-08T17:45:55.621359Z,0.5,16,no,cbebce33-6d69-6b34-fe9f-9e11eff799a2
KXATPMATCH-25NOV08NORTIE-NOR,2025-11-08T17:45:49.391227Z,0.51,98,no,fb846a94-4ae5-72ba-a414-57ccb0bc48f3
KXATPMATCH-25NOV08NORTIE-NOR,2025-11-08T17:45:49.391227Z,0.5,100,no,d13a2895-c0a0-7bfb-98a2-acdec157c8fc
KXATPMATCH-25NOV08NORTIE-NOR,2025-11-08T17:45:49.391227Z,0.5,100,no,9afb5e02-65c8-7935-9fdf-42b81a957972
KXATPMATCH-25NOV08NORTIE-NOR,2025-11-08T17:45:49.391227Z,0.5,78,no,5dc6bbab-0281-7a0c-b3fb-24a103e8823e
KXATPMATCH-25NOV08NORTIE-NOR,2025-11-08T17:45:49.391227Z,0.51,526,no,38a4bfe9-e74d-7c10-b4ef-c8537e34b17d
KXATPMATCH-25NOV08NORTIE-NOR,2025-11-08T17:45:49.391227Z,0.51,98,no,092af748-cd07-72df-903e-4ade43992cef
KXATPMATCH-25NOV08NORTIE-NOR,2025-11-08T17:45:47.675553Z,0.53,40,yes,4a7e15d0-ca93-66d3-8d18-8d845d1c63f1
KXATPMATCH-25NOV08NORTIE-NOR,2025-11-08T17:45:45.495063Z,0.5,100,no,d82c1fcb-3c80-5e85-ea52-49a6ef754d20
KXATPMATCH-25NOV08NORTIE-NOR,2025-11-08T17:45:45.495063Z,0.44,71,no,d5d02661-c707-52c5-dbfb-600c55addff2
KXATPMATCH-25NOV08NORTIE-NOR,2025-11-08T17:45:45.495063Z,0.51,98,no,5d74a1e2-c294-5cc8-c2a9-54b477e11fb7
KXATPMATCH-25NOV08NORTIE-NOR,2025-11-08T17:45:45.495063Z,0.5,680,no,0c2bd0f7-5d1c-54b2-f81b-069aff4dc1ea
KXATPMATCH-25NOV08NORTIE-NOR,2025-11-08T17:45:45.495063Z,0.43,51,no,058ccc0a-5bbf-53d0-fcb2-f05b0d601584
KXATPMATCH-25NOV08NORTIE-NOR,2025-11-08T17:45:45.32465Z,0.59,10,no,70f809dc-309b-580f-c3e5-0c4e679959b2
KXATPMATCH-25NOV08NORTIE-NOR,2025-11-08T17:45:45.32465Z,0.57,1000,no,5ad4ffdd-ac05-5f54-c6f9-e43a74709560
KXATPMATCH-25NOV08NORTIE-NOR,2025-11-08T17:45:45.32465Z,0.58,1000,no,2e9e70bb-5898-5709-e719-f481e3226f15
KXATPMATCH-25NOV08NORTIE-NOR,2025-11-08T17:45:42.45925Z,0.63,1,no,9ec76732-f6ce-4744-02e1-6ec2c977c3f9
KXATPMATCH-25NOV08NORTIE-NOR,2025-11-08T17:45:42.447748Z,0.66,1,no,f70856c5-6250-7e21-cae6-b95d5ad2a36a
KXATPMATCH-25NOV08NORTIE-NOR,2025-11-08T17:45:42.447748Z,0.63,37,no,6ae2b1dd-0f2e-722c-e15a-fc9ca846c0d9
KXATPMATCH-25NOV08NORTIE-NOR,2025-11-08T17:45:40.5958Z,0.78,57,yes,d6b971ca-c9db-5014-06ea-035619396f14
KXATPMATCH-25NOV08NORTIE-NOR,2025-11-08T17:45:40.5958Z,0.78,258,yes,c10f97f5-1a42-59cb-05bd-d0686cb858df
KXATPMATCH-25NOV08NORTIE-NOR,2025-11-08T17:45:35.4997Z,0.78,3,yes,3c671906-4783-5db4-a4cd-6baafee02660
KXATPMATCH-25NOV08NORTIE-NOR,2025-11-08T17:45:30.285089Z,0.77,142,no,f64b7aac-b132-42d6-5e19-91cf61e155e7
KXATPMATCH-25NOV08NORTIE-NOR,2025-11-08T17:45:30.285089Z,0.77,22,no,169729d4-8585-430a-5851-41fdd43f3822
KXATPMATCH-25NOV08NORTIE-NOR,2025-11-08T17:45:29.23878Z,0.78,126,yes,6c198777-5749-70c8-fe03-1e892c8d8164
KXATPMATCH-25NOV08NORTIE-NOR,2025-11-08T17:45:26.04667Z,0.78,467,yes,da04d9be-8a81-51dc-ff70-850591681034
KXATPMATCH-25NOV08NORTIE-NOR,2025-11-08T17:45:26.04667Z,0.78,33,yes,c189a838-854b-588b-de41-8fa6e700adde
KXATPMATCH-25NOV08NORTIE-NOR,2025-11-08T17:45:21.695442Z,0.77,75,no,873036a4-3a55-4b62-e508-fd5a03b7ad42
KXATPMATCH-25NOV08NORTIE-NOR,2025-11-08T17:45:19.585373Z,0.78,100,yes,9850a9e9-9933-5fbf-fe0b-fb520fcfd3ae
KXATPMATCH-25NOV08NORTIE-NOR,2025-11-08T17:45:13.782585Z,0.78,5,yes,71fa0837-c92f-46df-f0de-9b8de0f19bc6
KXATPMATCH-25NOV08NORTIE-NOR,2025-11-08T17:45:10.276036Z,0.78,5,yes,87344607-c607-50fb-7d25-cdde314a048e
KXATPMATCH-25NOV08NORTIE-NOR,2025-11-08T17:45:08.282572Z,0.77,3,yes,412361cf-c8c0-455c-8043-ea75f907f967
KXATPMATCH-25NOV08NORTIE-NOR,2025-11-08T17:45:05.227861Z,0.77,1,yes,83c637e2-a8e8-6fc4-3589-33200e36abbb
KXATPMATCH-25NOV08NORTIE-NOR,2025-11-08T17:45:02.811623Z,0.77,1,yes,4e09268c-2c40-5d58-174d-01bd28fb2f23
KXATPMATCH-25NOV08NORTIE-NOR,2025-11-08T17:44:59.5552Z,0.78,427,yes,624c5a61-b68f-72eb-efdf-8101ad444b6a
KXATPMATCH-25NOV08NORTIE-NOR,2025-11-08T17:44:58.118565Z,0.78,380,yes,d493a5a4-2d2e-6419-0a34-5eff9f509fe8
KXATPMATCH-25NOV08NORTIE-NOR,2025-11-08T17:44:58.091901Z,0.78,200,no,47a5a35d-5cf2-610b-b849-a291e352958d
KXATPMATCH-25NOV08NORTIE-NOR,2025-11-08T17:44:56.205275Z,0.78,173,yes,7945b025-77b6-51f7-9ed3-8b31816401ef
KXATPMATCH-25NOV08NORTIE-NOR,2025-11-08T17:44:56.168467Z,0.78,200,yes,80862c61-2ef2-727b-be75-f8ad89b98263
KXATPMATCH-25NOV08NORTIE-NOR,2025-11-08T17:44:56.1508Z,0.78,11,yes,5e812db7-0752-637b-d2b3-311c1150b0a3
KXATPMATCH-25NOV08NORTIE-NOR,2025-11-08T17:44:56.148767Z,0.78,11,yes,391c31f2-8ac2-5d33-0248-b34c926ee91b
KXATPMATCH-25NOV08NORTIE-NOR,2025-11-08T17:44:56.121947Z,0.78,200,no,8f0b8041-c5af-7bde-5072-13217db797be
KXATPMATCH-25NOV08NORTIE-NOR,2025-11-08T17:44:54.831449Z,0.67,5,no,e39657c1-850a-45ef-0871-b0f15e433df1
KXATPMATCH-25NOV08NORTIE-NOR,2025-11-08T17:44:54.831449Z,0.51,44,no,af349853-338e-4fbb-02fc-82c5e5108dac
KXATPMATCH-25NOV08NORTIE-NOR,2025-11-08T17:44:54.779118Z,0.9,3,no,fd27926b-07cb-67d6-6764-fc0da79ef474
KXATPMATCH-25NOV08NORTIE-NOR,2025-11-08T17:44:54.779118Z,0.81,116,no,bdf9b0b4-15d1-6427-5387-b3794c8df83d
KXATPMATCH-25NOV08NORTIE-NOR,2025-11-08T17:44:54.779118Z,0.87,52,no,58c3a5ad-ca0a-649b-4b36-a8cf77c1f2e6
KXATPMATCH-25NOV08NORTIE-NOR,2025-11-08T17:44:54.779118Z,0.81,51,no,40996ab3-7cdf-6673-7673-bacfba2802af
KXATPMATCH-25NOV08NORTIE-NOR,2025-11-08T17:44:53.832847Z,0.9,5,no,17ae1fc4-cc93-4ede-77d0-00264e3fd0f0
KXATPMATCH-25NOV08NORTIE-NOR,2025-11-08T17:44:48.559974Z,0.9,220,yes,f9db78e3-dd13-4d6e-c3de-c08abef5d357
KXATPMATCH-25NOV08NORTIE-NOR,2025-11-08T17:44:43.619093Z,0.89,34,yes,fef5f1d1-ef67-7236-c465-2f3b0535f0d5
KXATPMATCH-25NOV08NORTIE-NOR,2025-11-08T17:44:43.619093Z,0.89,38,yes,7a8c09b5-4bb6-7214-f08c-632cc00a122b
KXATPMATCH-25NOV08NORTIE-NOR,2025-11-08T17:44:41.172022Z,0.84,264,no,89e5e2a2-3b0e-5cc3-7ba5-872feaa52f69
KXATPMATCH-25NOV08NORTIE-NOR,2025-11-08T17:44:41.172022Z,0.81,49,no,3589a2ac-ebd5-5ced-5d85-47f238c0f93b
KXATPMATCH-25NOV08NORTIE-NOR,2025-11-08T17:44:40.81926Z,0.89,12,yes,ffdc1f68-2c4e-40d2-ccb0-578817c00b2d
KXATPMATCH-25NOV08NORTIE-NOR,2025-11-08T17:44:39.15502Z,0.84,9,no,0acf78a8-5b96-504b-f9ad-42ea5b994ce1
KXATPMATCH-25NOV08NORTIE-NOR,2025-11-08T17:44:36.130301Z,0.83,153,no,c665cfe7-5ed8-4fbc-a864-4de183c1c152
KXATPMATCH-25NOV08NORTIE-NOR,2025-11-08T17:44:33.134363Z,0.85,177,yes,19f2efc0-7a13-7234-a103-2ded447f3678
KXATPMATCH-25NOV08NORTIE-NOR,2025-11-08T17:44:31.684528Z,0.85,116,yes,7c818b22-c21b-4ff8-c5d1-3f2fc57117fc
KXATPMATCH-25NOV08NORTIE-NOR,2025-11-08T17:44:30.317754Z,0.85,104,yes,c0064803-ec97-6574-a2c5-9a3d2b5b2b4c
KXATPMATCH-25NOV08NORTIE-NOR,2025-11-08T17:44:29.229522Z,0.83,165,no,f0ebf401-f640-6344-c25d-7eeb6cb7d912
KXATPMATCH-25NOV08NORTIE-NOR,2025-11-08T17:44:29.229522Z,0.83,2,no,d5078649-2a3b-629e-f837-9fdf09c0c3d7
KXATPMATCH-25NOV08NORTIE-NOR,2025-11-08T17:44:25.760086Z,0.85,58,yes,fc671066-e55b-5e2c-747d-ee3d3171b12c
KXATPMATCH-25NOV08NORTIE-NOR,2025-11-08T17:44:21.976791Z,0.84,5,yes,343a7236-862c-6201-3816-2c676af1783d
KXATPMATCH-25NOV08NORTIE-NOR,2025-11-08T17:44:21.838337Z,0.84,192,yes,5d32d8d3-e9c0-7dc5-259b-69cdab4923c1
KXATPMATCH-25NOV08NORTIE-NOR,2025-11-08T17:44:16.209703Z,0.91,27,yes,61c5ac65-beb6-7c8f-27b1-75602373ddda
KXATPMATCH-25NOV08NORTIE-NOR,2025-11-08T17:44:15.278351Z,0.9,50,yes,775659f4-de68-561c-2dfd-655c10a734bb
KXATPMATCH-25NOV08NORTIE-NOR,2025-11-08T17:44:15.278351Z,0.89,200,yes,385bf374-17dc-529f-3c94-2310aad7878e
KXATPMATCH-25NOV08NORTIE-NOR,2025-11-08T17:44:14.788208Z,0.87,500,yes,b3a34c08-81cb-7470-1c67-6f0df42803c4
KXATPMATCH-25NOV08NORTIE-NOR,2025-11-08T17:44:13.865585Z,0.92,108,yes,a5e5b2c2-d180-4dc7-7651-67027f3ee06a
KXATPMATCH-25NOV08NORTIE-NOR,2025-11-08T17:44:13.581401Z,0.92,97,yes,6101fcf2-f503-699a-321b-3c92a122e09c
KXATPMATCH-25NOV08NORTIE-NOR,2025-11-08T17:44:08.516068Z,0.93,19,yes,1b1c0e27-55df-594c-3abe-7e77032e0791
KXATPMATCH-25NOV08NORTIE-NOR,2025-11-08T17:43:58.422762Z,0.9,1,yes,9d9c5dac-5fa2-5a80-377a-dfe6f2eb67ae
KXATPMATCH-25NOV08NORTIE-NOR,2025-11-08T17:43:53.843341Z,0.89,38,no,e64b5d86-6e24-461b-7020-3fce8db594c4
KXATPMATCH-25NOV08NORTIE-NOR,2025-11-08T17:43:52.216155Z,0.9,50,yes,73d11ad0-e6be-7ca0-401b-1ef5ee0f4e3a
KXATPMATCH-25NOV08NORTIE-NOR,2025-11-08T17:43:49.305837Z,0.9,220,yes,4375399a-15f2-66b0-18ea-81fdefced76e
KXATPMATCH-25NOV08NORTIE-NOR,2025-11-08T17:43:49.020494Z,0.9,290,yes,1dbdaffa-de4e-6f98-fd7f-6d837d9a17ea
KXATPMATCH-25NOV08NORTIE-NOR,2025-11-08T17:43:44.088873Z,0.89,100,yes,25833d37-a9e1-6b1d-f97f-6da8dd3e5592
KXATPMATCH-25NOV08NORTIE-NOR,2025-11-08T17:43:43.672378Z,0.88,18,no,288583a3-424a-423b-f135-fa68d50a87aa
KXATPMATCH-25NOV08NORTIE-NOR,2025-11-08T17:43:40.110688Z,0.89,227,yes,cb0fea90-df97-6059-a15e-0bf0a263a0cc
KXATPMATCH-25NOV08NORTIE-NOR,2025-11-08T17:43:30.598033Z,0.95,100,no,db77a0a5-be7f-711c-60f2-7e858c2f69ab
KXATPMATCH-25NOV08NORTIE-NOR,2025-11-08T17:43:30.598033Z,0.96,1000,no,bd83d356-3733-7185-7eb9-fc293760ea64
KXATPMATCH-25NOV08NORTIE-NOR,2025-11-08T17:43:30.598033Z,0.94,250,no,4110574d-997c-7682-52d5-aadf1a74f6ec
KXATPMATCH-25NOV08NORTIE-NOR,2025-11-08T17:43:28.125584Z,0.95,91,no,f2dd0b37-b2ee-557f-9f9e-256203061279
KXATPMATCH-25NOV08NORTIE-NOR,2025-11-08T17:43:27.567042Z,0.95,203,no,04311a0d-08f2-6a43-0372-067c7716ab8d
KXATPMATCH-25NOV08NORTIE-NOR,2025-11-08T17:43:22.993817Z,0.99,17,yes,f18c4db4-ae43-666b-aebf-af4e1ee34d6d
KXATPMATCH-25NOV08NORTIE-NOR,2025-11-08T17:43:22.681799Z,0.95,84,no,59cd7599-8ee0-5fc1-40fd-0ac401098a06
KXATPMATCH-25NOV08NORTIE-NOR,2025-11-08T17:43:22.681799Z,0.95,177,no,3ce07732-3916-5283-4a58-187d8f6d89b5
KXATPMATCH-25NOV08NORTIE-NOR,2025-11-08T17:43:22.681799Z,0.98,109,no,347d310f-757d-5b31-5a84-45c2822652a8
KXATPMATCH-25NOV08NORTIE-NOR,2025-11-08T17:43:22.681799Z,0.98,40,no,1f8862e1-e0e8-57f3-73a9-a08c889ae1da
KXATPMATCH-25NOV08NORTIE-NOR,2025-11-08T17:43:18.656088Z,0.99,1,yes,f4da8a23-f7c1-7425-6e83-5f02c52fd67c
KXATPMATCH-25NOV08NORTIE-NOR,2025-11-08T17:43:18.656088Z,0.99,1000,yes,d56b2300-93de-7a77-6597-c96a434fef24
KXATPMATCH-25NOV08NORTIE-NOR,2025-11-08T17:43:18.656088Z,0.99,22,yes,c596babd-808e-723c-5eec-0d071926e6a7
KXATPMATCH-25NOV08NORTIE-NOR,2025-11-08T17:43:18.656088Z,0.99,251,yes,647dea7f-c54c-72dd-5b35-36063207895e
KXATPMATCH-25NOV08NORTIE-NOR,2025-11-08T17:43:18.656088Z,0.99,1411,yes,5362e8fe-c81b-7223-53ce-4edbef5f87bd
KXATPMATCH-25NOV08NORTIE-NOR,2025-11-08T17:43:18.656088Z,0.99,1661,yes,42986fc0-d0cc-707d-651b-3029b28f51d7
KXATPMATCH-25NOV08NORTIE-NOR,2025-11-08T17:43:18.656088Z,0.99,700,yes,38ca1308-b364-719e-69c4-0622064405d9
KXATPMATCH-25NOV08NORTIE-NOR,2025-11-08T17:43:17.907214Z,0.96,116,no,4a2fbbc5-c053-5e4b-81da-64053b3eb1b4
KXATPMATCH-25NOV08NORTIE-NOR,2025-11-08T17:43:17.907214Z,0.97,77,no,23335821-2b2e-5375-a3ed-7446a905f1f2
KXATPMATCH-25NOV08NORTIE-NOR,2025-11-08T17:43:17.589034Z,0.97,80,no,4291c649-0952-7ba9-d8db-5b8aff52e0ee
KXATPMATCH-25NOV08NORTIE-NOR,2025-11-08T17:43:15.820101Z,0.99,9,yes,a37b719f-3f18-7dd1-b326-ecd1c5cbfd4e
KXATPMATCH-25NOV08NORTIE-NOR,2025-11-08T17:43:12.053116Z,0.97,1,no,47d3ac14-d682-6ac9-1d83-c303ff49d662
KXATPMATCH-25NOV08NORTIE-NOR,2025-11-08T17:43:11.181657Z,0.99,3,yes,ff87528d-8b30-4669-cee5-e9d33840e982
KXATPMATCH-25NOV08NORTIE-NOR,2025-11-08T17:43:00.084206Z,0.96,526,yes,3c29819f-021b-4c8f-3123-4b293e970682
KXATPMATCH-25NOV08NORTIE-NOR,2025-11-08T17:43:00.084206Z,0.96,512,yes,0811be00-dbe5-4e5e-12bc-60e832c342d0
KXATPMATCH-25NOV08NORTIE-NOR,2025-11-08T17:42:58.541939Z,0.95,16,no,181d02c5-7958-63d9-6e24-6feb02882cce
KXATPMATCH-25NOV08NORTIE-NOR,2025-11-08T17:42:57.978291Z,0.94,910,no,86de13a6-28bb-49f4-fe6e-0251374cd19c
KXATPMATCH-25NOV08NORTIE-NOR,2025-11-08T17:42:57.978291Z,0.93,2,no,411df277-28b8-4825-fe25-fefa392012ae
KXATPMATCH-25NOV08NORTIE-NOR,2025-11-08T17:42:57.978291Z,0.94,526,no,1580e0d5-c221-43b7-daf0-dea89b33b74c
KXATPMATCH-25NOV08NORTIE-NOR,2025-11-08T17:42:57.309072Z,0.94,90,no,a8ee9cbc-3a77-7198-a9af-dac688603ecc
KXATPMATCH-25NOV08NORTIE-NOR,2025-11-08T17:42:57.309072Z,0.94,18,no,23bce6a4-bf2c-7894-a87c-8bd8570684c5
KXATPMATCH-25NOV08NORTIE-NOR,2025-11-08T17:42:54.758753Z,0.96,109,yes,87626cab-8a8a-5a07-8a7a-db7521d79bad
KXATPMATCH-25NOV08NORTIE-NOR,2025-11-08T17:42:54.758753Z,0.96,210,yes,1fb314b5-df1b-5bfb-9e78-205d083803ce
KXATPMATCH-25NOV08NORTIE-NOR,2025-11-08T17:42:53.945482Z,0.94,62,no,f312211c-a408-6f2c-d48a-d5753fa1219d
KXATPMATCH-25NOV08NORTIE-NOR,2025-11-08T17:42:52.575101Z,0.94,31,no,6e51f23f-b378-5da0-d19f-20dddc4d8e7d
KXATPMATCH-25NOV08NORTIE-NOR,2025-11-08T17:42:52.461852Z,0.96,10,yes,963901b4-3db2-42a7-99db-db5ec2914419
KXATPMATCH-25NOV08NORTIE-NOR,2025-11-08T17:42:50.791948Z,0.96,407,yes,fb23c255-f9ae-63ab-18b7-dcb1089078b5
KXATPMATCH-25NOV08NORTIE-NOR,2025-11-08T17:42:49.633396Z,0.96,7,yes,e45201a0-0572-42c1-1f2e-af6aeb196cbf
KXATPMATCH-25NOV08NORTIE-NOR,2025-11-08T17:42:49.633396Z,0.97,112,yes,7492b443-be8f-48cd-1e81-614b93b1b7f1
KXATPMATCH-25NOV08NORTIE-NOR,2025-11-08T17:42:49.305503Z,0.95,1,no,5a1f1332-e035-58fe-99e3-ef3d0393b676
KXATPMATCH-25NOV08NORTIE-NOR,2025-11-08T17:42:49.305503Z,0.94,15,no,56edfff7-f064-5324-a35d-a09075a2ab7d
KXATPMATCH-25NOV08NORTIE-NOR,2025-11-08T17:42:46.777757Z,0.96,519,yes,300b5477-010e-4e05-9236-1a98acc2661f
KXATPMATCH-25NOV08NORTIE-NOR,2025-11-08T17:42:46.480899Z,0.96,511,yes,19ad6e0c-f635-54ea-e0ff-e06356fb2440
KXATPMATCH-25NOV08NORTIE-NOR,2025-11-08T17:42:46.480899Z,0.96,58,yes,1490d014-81f3-50e0-eae0-0facec99c802
KXATPMATCH-25NOV08NORTIE-NOR,2025-11-08T17:42:45.96041Z,0.96,15,yes,760cc63c-cfe1-4f52-eb39-e239edc35384
KXATPMATCH-25NOV08NORTIE-NOR,2025-11-08T17:42:44.148898Z,0.95,13,no,2c284da0-189d-72ba-1937-98871d6ce37e
KXATPMATCH-25NOV08NORTIE-NOR,2025-11-08T17:42:43.391752Z,0.95,55,no,163ce913-7741-7326-4e48-62690e7c6742
KXATPMATCH-25NOV08NORTIE-NOR,2025-11-08T17:42:42.890213Z,0.96,526,yes,c8757473-bd92-509e-64cb-e99dddd37de2
KXATPMATCH-25NOV08NORTIE-NOR,2025-11-08T17:42:42.890213Z,0.96,1324,yes,0a34a170-10a9-54d5-656e-d21990373015
KXATPMATCH-25NOV08NORTIE-NOR,2025-11-08T17:42:39.248635Z,0.96,526,yes,c7b62b43-abe5-640a-94ba-e4242881142e
KXATPMATCH-25NOV08NORTIE-NOR,2025-11-08T17:42:39.248635Z,0.96,608,yes,a400e369-f646-6c46-9b78-b77ebd2e1f96
KXATPMATCH-25NOV08NORTIE-NOR,2025-11-08T17:42:38.480659Z,0.96,1,yes,f1f95ef5-2600-629d-8e6a-b5172a5c0f67
KXATPMATCH-25NOV08NORTIE-NOR,2025-11-08T17:42:38.480659Z,0.96,277,yes,4df62de3-cb7f-6220-b14c-2dfe7ed238fc
KXATPMATCH-25NOV08NORTIE-NOR,2025-11-08T17:42:37.12513Z,0.96,249,yes,ba624e4b-d053-58e8-b96b-9b2452dd99b8
KXATPMATCH-25NOV08NORTIE-NOR,2025-11-08T17:42:36.490584Z,0.95,7,no,4610acf6-8475-7cea-b633-e40f5d288086
KXATPMATCH-25NOV08NORTIE-NOR,2025-11-08T17:42:35.15075Z,0.97,102,yes,086949f7-c20f-7b88-8d9d-df73cb92b4ff
KXATPMATCH-25NOV08NORTIE-NOR,2025-11-08T17:42:33.053292Z,0.97,102,yes,d60bcf6d-035b-4c6c-2a7c-2c19cfce110b
KXATPMATCH-25NOV08NORTIE-NOR,2025-11-08T17:42:32.605825Z,0.95,21,no,4cf4c68f-bf79-513a-4a22-e0085c2886e2
KXATPMATCH-25NOV08NORTIE-NOR,2025-11-08T17:42:32.379476Z,0.98,273,yes,52b62ade-d706-7ae5-ed3c-9418e99df741
KXATPMATCH-25NOV08NORTIE-NOR,2025-11-08T17:42:32.379476Z,0.97,2000,yes,3560de2a-6811-799c-edaa-30eac42db495
KXATPMATCH-25NOV08NORTIE-NOR,2025-11-08T17:42:32.379476Z,0.97,47,yes,21200e83-a6ef-70b4-e46d-9f433a8505d0
KXATPMATCH-25NOV08NORTIE-NOR,2025-11-08T17:42:32.379476Z,0.96,1,yes,09c6600c-905c-7825-e78e-0d5141806106
KXATPMATCH-25NOV08NORTIE-NOR,2025-11-08T17:42:32.379476Z,0.97,526,yes,0592a392-2805-79ea-c6d5-8c2ce714b66c
KXATPMATCH-25NOV08NORTIE-NOR,2025-11-08T17:42:29.349561Z,0.96,5,yes,1d50d783-fd04-7a7d-8695-456290c36686
KXATPMATCH-25NOV08NORTIE-NOR,2025-11-08T17:42:29.315573Z,0.94,250,no,21032b85-2564-7220-036d-5a128d137b95
KXATPMATCH-25NOV08NORTIE-NOR,2025-11-08T17:42:28.365873Z,0.96,1,yes,874a6c4b-e264-5781-12f9-96d44db53b8e
KXATPMATCH-25NOV08NORTIE-NOR,2025-11-08T17:42:28.172627Z,0.96,519,yes,29a2ba97-5f60-7f2d-2727-c9ae6e037106
KXATPMATCH-25NOV08NORTIE-NOR,2025-11-08T17:42:27.115341Z,0.96,97,yes,f877324e-bcf2-5729-c099-8f40300ea0e9
KXATPMATCH-25NOV08NORTIE-NOR,2025-11-08T17:42:27.115341Z,0.96,526,yes,99ed9deb-25f8-52e7-df39-a7da08161626
KXATPMATCH-25NOV08NORTIE-NOR,2025-11-08T17:42:27.115341Z,0.95,387,yes,9763dc52-b908-599b-c0f2-a08a29c68fd9
KXATPMATCH-25NOV08NORTIE-NOR,2025-11-08T17:42:27.115341Z,0.96,33,yes,8d355375-26e6-5fe5-dd33-017e67223ead
KXATPMATCH-25NOV08NORTIE-NOR,2025-11-08T17:42:27.010136Z,0.94,102,no,3a86ad60-03a0-6590-4f7b-1fe960992085
KXATPMATCH-25NOV08NORTIE-NOR,2025-11-08T17:42:24.991223Z,0.95,222,yes,1abd2aa8-cb94-797f-c586-ad13adf4da51
KXATPMATCH-25NOV08NORTIE-NOR,2025-11-08T17:42:22.529551Z,0.94,17,no,37199cf2-9944-757c-1e31-0602ed0d36b9
KXATPMATCH-25NOV08NORTIE-NOR,2025-11-08T17:42:22.35206Z,0.95,786,yes,cac93816-eb98-5bff-6ee9-71aeba08c60d
KXATPMATCH-25NOV08NORTIE-NOR,2025-11-08T17:42:19.979642Z,0.94,17,no,58267b61-de70-6a80-93bd-4f9a4706d255
KXATPMATCH-25NOV08NORTIE-NOR,2025-11-08T17:42:18.358979Z,0.94,14,no,a2b7f728-5054-4100-24b6-4f150f0b67ed
KXATPMATCH-25NOV08NORTIE-NOR,2025-11-08T17:42:17.565133Z,0.95,5,yes,381762a8-e310-6c87-a2dd-67a95dbef019
KXATPMATCH-25NOV08NORTIE-NOR,2025-11-08T17:42:16.761847Z,0.95,400,yes,de54de3e-4dd1-7a7a-5f74-e56d8e21739b
KXATPMATCH-25NOV08NORTIE-NOR,2025-11-08T17:42:16.761847Z,0.95,600,yes,606d7aca-9644-7d83-74f5-ba0bd3b8544d
KXATPMATCH-25NOV08NORTIE-NOR,2025-11-08T17:42:16.416688Z,0.94,8,no,7ef485c7-83c8-44f4-5ad2-232edcd5da24
KXATPMATCH-25NOV08NORTIE-NOR,2025-11-08T17:42:16.416688Z,0.94,12,no,65d65511-d9ea-4596-6a4c-e46e4bbf01ba
KXATPMATCH-25NOV08NORTIE-NOR,2025-11-08T17:42:16.129037Z,0.94,2,yes,d90aa474-611f-502e-f7c1-f163b72d76cd
KXATPMATCH-25NOV08NORTIE-NOR,2025-11-08T17:42:08.750675Z,0.93,150,yes,dff0a4a7-ee2b-743c-08a6-6c32a72a4f9a
KXATPMATCH-25NOV08NORTIE-NOR,2025-11-08T17:42:07.759282Z,0.93,34,yes,943286d8-4d57-7214-3583-9367f51a044e
KXATPMATCH-25NOV08NORTIE-NOR,2025-11-08T17:42:07.568082Z,0.93,200,yes,99514a20-0def-5417-139a-b87b78fe73ad
KXATPMATCH-25NOV08NORTIE-NOR,2025-11-08T17:42:07.568082Z,0.93,121,yes,72e8aa1f-fe7f-5b5c-1bad-06ab7a196e3a
KXATPMATCH-25NOV08NORTIE-NOR,2025-11-08T17:42:02.856523Z,0.9,221,yes,cbe82441-dbcd-67ab-6493-93aa66b2062f
KXATPMATCH-25NOV08NORTIE-NOR,2025-11-08T17:42:00.084872Z,0.88,100,no,7f1abfb7-4bee-6b42-f381-c50c601abe5f
KXATPMATCH-25NOV08NORTIE-NOR,2025-11-08T17:41:57.911878Z,0.91,474,yes,faa5cbf1-5de7-5c2c-bde2-4bbe9282f4c8
KXATPMATCH-25NOV08NORTIE-NOR,2025-11-08T17:41:57.911878Z,0.9,31,yes,f973b553-057d-516c-9c87-22453b76ee37
KXATPMATCH-25NOV08NORTIE-NOR,2025-11-08T17:41:57.911878Z,0.92,186,yes,8b118cdf-58c3-5a70-8ab7-aebe5f867363
KXATPMATCH-25NOV08NORTIE-NOR,2025-11-08T17:41:57.911878Z,0.9,2000,yes,643ff218-ae52-55cd-80ee-07620cb732cf
KXATPMATCH-25NOV08NORTIE-NOR,2025-11-08T17:41:57.911878Z,0.91,526,yes,4c888117-5174-56f8-8005-4f11fb4d316a
KXATPMATCH-25NOV08NORTIE-NOR,2025-11-08T17:41:53.423662Z,0.9,275,yes,f372abda-e711-708c-55c5-cca56339d647
KXATPMATCH-25NOV08NORTIE-NOR,2025-11-08T17:41:53.243109Z,0.9,220,yes,6654bd31-0a5d-59ec-291a-e5c90aaf4317
KXATPMATCH-25NOV08NORTIE-NOR,2025-11-08T17:41:53.103395Z,0.88,83,no,d329525b-3e62-78d6-bfe5-bfcef8d376c3
KXATPMATCH-25NOV08NORTIE-NOR,2025-11-08T17:41:51.750942Z,0.88,173,no,8c64dd56-7ae2-5d46-ace9-b02cd69480eb
KXATPMATCH-25NOV08NORTIE-NOR,2025-11-08T17:41:50.267363Z,0.9,514,yes,71063083-3707-7683-f4cd-b056a7544953
KXATPMATCH-25NOV08NORTIE-NOR,2025-11-08T17:41:50.267363Z,0.89,762,yes,6ded1cee-c3d2-7baa-d33b-ecc5ca1a09c3
KXATPMATCH-25NOV08NORTIE-NOR,2025-11-08T17:41:50.267363Z,0.9,1380,yes,494040d1-4fe3-7419-cb9d-1e8bcb55847b
KXATPMATCH-25NOV08NORTIE-NOR,2025-11-08T17:41:48.489721Z,0.89,11,yes,925421b2-fd22-498a-742a-7df5ee8bd21f
KXATPMATCH-25NOV08NORTIE-NOR,2025-11-08T17:41:47.124615Z,0.89,727,no,a20a6ddf-c0e1-6919-cf3b-c0b9541c9272
KXATPMATCH-25NOV08NORTIE-NOR,2025-11-08T17:41:46.647887Z,0.89,122,no,f9607aaa-45b1-5725-32ec-23da1c388262
KXATPMATCH-25NOV08NORTIE-NOR,2025-11-08T17:41:46.62095Z,0.89,134,no,e1926783-0755-5e99-147e-f319298be3da
KXATPMATCH-25NOV08NORTIE-NOR,2025-11-08T17:41:46.459215Z,0.89,17,no,2d4c74bc-eaad-4a59-1efc-87b07a73903a
KXATPMATCH-25NOV08NORTIE-NOR,2025-11-08T17:41:42.675857Z,0.9,100,no,6a016f64-3890-5ced-46fe-d7aea0511a54
KXATPMATCH-25NOV08NORTIE-NOR,2025-11-08T17:41:42.675857Z,0.9,521,no,48e1f5d9-1bc3-5001-6f44-7fea6e3bd862
KXATPMATCH-25NOV08NORTIE-NOR,2025-11-08T17:41:42.282152Z,0.9,479,no,d6e7e071-0b0f-7839-6edf-f7a4df4eaa3e
KXATPMATCH-25NOV08NORTIE-NOR,2025-11-08T17:41:41.82537Z,0.9,153,no,bca10198-8aaf-7fa1-24e8-fc1b23cca24e
KXATPMATCH-25NOV08NORTIE-NOR,2025-11-08T17:41:41.41887Z,0.91,10,yes,0bee6cba-61a3-6e54-3e2b-779ddd946a74
KXATPMATCH-25NOV08NORTIE-NOR,2025-11-08T17:41:41.38246Z,0.9,120,no,8d4f3368-6a37-6419-cefe-7509c3732d72
KXATPMATCH-25NOV08NORTIE-NOR,2025-11-08T17:41:39.424458Z,0.9,11,no,aa0289a1-8ebb-6bad-c35d-c2b5d16a09f2
KXATPMATCH-25NOV08NORTIE-NOR,2025-11-08T17:41:39.394985Z,0.91,469,yes,df7e9181-6f7b-6ebc-09b7-e2fa8380d978
KXATPMATCH-25NOV08NORTIE-NOR,2025-11-08T17:41:38.376404Z,0.91,68,yes,55d9fc2e-0ae7-7014-eef8-0122bbaaad3c
KXATPMATCH-25NOV08NORTIE-NOR,2025-11-08T17:41:33.64912Z,0.9,100,no,4a479610-5630-6607-6dcd-84d3be5e483e
KXATPMATCH-25NOV08NORTIE-NOR,2025-11-08T17:41:31.00989Z,0.9,25,no,f3b7407b-be30-5103-6127-69cacd0c636e
KXATPMATCH-25NOV08NORTIE-NOR,2025-11-08T17:41:30.812777Z,0.9,1,no,514e7522-6c14-5eef-4895-dad8dfae1d9e
KXATPMATCH-25NOV08NORTIE-NOR,2025-11-08T17:41:30.802728Z,0.9,8,no,71e82545-2404-7e1f-3f61-0a7a32bbecb2
KXATPMATCH-25NOV08NORTIE-NOR,2025-11-08T17:41:30.788613Z,0.89,500,yes,d607a5bb-5142-412d-8881-7ffb55ad9032
KXATPMATCH-25NOV08NORTIE-NOR,2025-11-08T17:41:30.788613Z,0.88,15,yes,cd099b72-9161-4581-b206-00b94913bdde
KXATPMATCH-25NOV08NORTIE-NOR,2025-11-08T17:41:30.788613Z,0.9,33,yes,8cc802d5-85ab-45a8-94f4-1679a45e95ac
KXATPMATCH-25NOV08NORTIE-NOR,2025-11-08T17:41:30.788613Z,0.88,300,yes,3459a2be-971d-4825-b5a4-7393579fb214
KXATPMATCH-25NOV08NORTIE-NOR,2025-11-08T17:41:28.96557Z,0.84,4,yes,5da724a4-e166-7ab3-2c78-b9aa5d25d575
KXATPMATCH-25NOV08NORTIE-NOR,2025-11-08T17:41:28.474946Z,0.84,25,yes,e886e21a-f4ba-5d77-26bd-63fc6fc13eac
KXATPMATCH-25NOV08NORTIE-NOR,2025-11-08T17:41:28.474946Z,0.83,100,yes,d959dd4a-1886-5701-1365-b0a83c321496
KXATPMATCH-25NOV08NORTIE-NOR,2025-11-08T17:41:28.474946Z,0.86,76,yes,2f594834-75c7-5b2f-1a7e-cee08a0529df
KXATPMATCH-25NOV08NORTIE-NOR,2025-11-08T17:41:28.02892Z,0.78,188,yes,2794501a-06f4-4d99-cdaa-29437dd846f1
KXATPMATCH-25NOV08NORTIE-NOR,2025-11-08T17:41:27.918406Z,0.78,200,yes,f4ef34e2-dcba-594f-4c21-75d1600ce367
KXATPMATCH-25NOV08NORTIE-NOR,2025-11-08T17:41:27.918406Z,0.8,200,yes,e11cdec8-a4ba-5dd5-423e-e4c0799d1527
KXATPMATCH-25NOV08NORTIE-NOR,2025-11-08T17:41:27.918406Z,0.81,200,yes,ab1fc7a9-4ca7-5b92-6a8e-42d7d91b10f1
KXATPMATCH-25NOV08NORTIE-NOR,2025-11-08T17:41:22.651425Z,0.78,6,yes,9a9ec9b2-c6db-5cf5-9230-fdeb0f48798d
KXATPMATCH-25NOV08NORTIE-NOR,2025-11-08T17:41:17.268357Z,0.81,60,yes,6a78e476-46e8-53a9-45c2-a88e5ca8f9cb
KXATPMATCH-25NOV08NORTIE-NOR,2025-11-08T17:41:16.007648Z,0.82,16,yes,50e24331-f12a-62e5-4dd3-5ade19b978b9
KXATPMATCH-25NOV08NORTIE-NOR,2025-11-08T17:41:13.755225Z,0.82,85,yes,701adde4-040e-5ca5-907c-cfd370761529
KXATPMATCH-25NOV08NORTIE-NOR,2025-11-08T17:41:12.933648Z,0.82,84,yes,8fe2744b-300a-6fc9-112b-08c3c740a705
KXATPMATCH-25NOV08NORTIE-NOR,2025-11-08T17:41:00.956124Z,0.81,40,yes,548738f5-0295-7c8c-1c01-d43d7693dacc
KXATPMATCH-25NOV08NORTIE-NOR,2025-11-08T17:41:00.956124Z,0.82,20,yes,028e9073-89ce-7c75-22b2-6322002ed9e5
KXATPMATCH-25NOV08NORTIE-NOR,2025-11-08T17:40:56.184865Z,0.81,60,yes,fbd0a884-1331-6eb8-c58c-39245ac217bc
KXATPMATCH-25NOV08NORTIE-NOR,2025-11-08T17:40:54.579134Z,0.81,200,yes,be3be6e0-48b5-625c-7712-cc5677927160
KXATPMATCH-25NOV08NORTIE-NOR,2025-11-08T17:40:48.859836Z,0.79,17,yes,3f457394-3086-497f-2c8a-c09f8be559ce
KXATPMATCH-25NOV08NORTIE-NOR,2025-11-08T17:40:40.670366Z,0.78,100,yes,f935cb11-7ca6-4503-5aac-772c1e5ed0eb
KXATPMATCH-25NOV08NORTIE-NOR,2025-11-08T17:40:40.670366Z,0.79,213,yes,a1a4d58c-3972-4673-6a59-2cd1c0340756
KXATPMATCH-25NOV08NORTIE-NOR,2025-11-08T17:40:39.249754Z,0.77,280,yes,d0f6ac73-6e07-5269-d9ef-302ff0402fc4
KXATPMATCH-25NOV08NORTIE-NOR,2025-11-08T17:40:39.249754Z,0.76,55,yes,31e323f3-2066-5d79-d68c-fab6cbbe7663
KXATPMATCH-25NOV08NORTIE-NOR,2025-11-08T17:40:36.897609Z,0.67,5,yes,e3d14655-81de-7b81-6236-c0aee9e0927a
KXATPMATCH-25NOV08NORTIE-NOR,2025-11-08T17:40:36.530887Z,0.74,25,yes,decfb9cd-51a5-5a84-c4a9-22206f03303e
KXATPMATCH-25NOV08NORTIE-NOR,2025-11-08T17:40:36.461161Z,0.74,195,yes,eac81c1a-c579-6fa4-433c-0498b8f3b0b6
KXATPMATCH-25NOV08NORTIE-NOR,2025-11-08T17:40:36.380035Z,0.67,5,yes,9885534f-0f9a-78ae-4c17-557f50ca53a9
KXATPMATCH-25NOV08NORTIE-NOR,2025-11-08T17:40:36.380035Z,0.7,195,yes,7d7268b4-63a1-7470-7a52-7e50b84d7263
KXATPMATCH-25NOV08NORTIE-NOR,2025-11-08T17:40:36.380035Z,0.63,300,yes,6e7fb808-ee22-7fe6-6862-0685e8bd1c37
KXATPMATCH-25NOV08NORTIE-NOR,2025-11-08T17:40:36.380035Z,0.63,70,yes,188272bc-9c75-779f-5214-352229580ae1
KXATPMATCH-25NOV08NORTIE-NOR,2025-11-08T17:40:34.124955Z,0.63,30,yes,93c46193-5785-6aa3-0841-f23bf4b172e9
KXATPMATCH-25NOV08NORTIE-NOR,2025-11-08T17:40:22.896822Z,0.61,319,no,cdf62ba2-1eeb-5f07-e90d-fbd3eff03153
KXATPMATCH-25NOV08NORTIE-NOR,2025-11-08T17:40:22.896822Z,0.61,526,no,59944c30-ce24-53cb-f4e7-998a675e14f2
KXATPMATCH-25NOV08NORTIE-NOR,2025-11-08T17:40:11.555874Z,0.61,526,no,c847df14-77c8-6de9-f77e-cefd2cfbd8ab
KXATPMATCH-25NOV08NORTIE-NOR,2025-11-08T17:40:11.555874Z,0.6,205,no,016e6551-7d12-6546-f9fb-cf293d314b8c
KXATPMATCH-25NOV08NORTIE-NOR,2025-11-08T17:39:55.397138Z,0.54,16,yes,1f63c588-4c05-787a-f036-2f485aa5b81f
KXATPMATCH-25NOV08NORTIE-NOR,2025-11-08T17:39:54.929218Z,0.54,2,yes,e6baa17f-b245-663a-0c60-66533ff9297f
KXATPMATCH-25NOV08NORTIE-NOR,2025-11-08T17:39:49.035832Z,0.54,526,yes,e5c7dc8d-fcad-45a8-c392-89cd762dd75b
KXATPMATCH-25NOV08NORTIE-NOR,2025-11-08T17:39:49.035832Z,0.53,23,yes,e56c0e37-e37d-478b-dd60-bc8efaf37d8e
KXATPMATCH-25NOV08NORTIE-NOR,2025-11-08T17:39:49.035832Z,0.54,100,yes,d196b08b-5103-4912-c589-963afd4af370
KXATPMATCH-25NOV08NORTIE-NOR,2025-11-08T17:39:49.035832Z,0.55,218,yes,b0468a71-01ee-4181-ce7b-8ef95f0a9c60
KXATPMATCH-25NOV08NORTIE-NOR,2025-11-08T17:39:49.035832Z,0.54,2000,yes,27920aae-c1d7-4cb1-c0af-0f63064aecd9
KXATPMATCH-25NOV08NORTIE-NOR,2025-11-08T17:39:48.580297Z,0.53,1,yes,303ca606-ccfd-63f7-2c02-90e9b9e5e9b6
KXATPMATCH-25NOV08NORTIE-NOR,2025-11-08T17:39:40.139463Z,0.53,76,yes,f41618d6-1f1d-4acf-d94d-1dc1c059fd8e
KXATPMATCH-25NOV08NORTIE-NOR,2025-11-08T17:39:34.875231Z,0.61,52,no,600f368e-c594-6ed5-8cf3-cd6ae05576f2
KXATPMATCH-25NOV08NORTIE-NOR,2025-11-08T17:39:34.875231Z,0.55,117,no,55b60a42-e486-6763-a078-054eb2d006ac
KXATPMATCH-25NOV08NORTIE-NOR,2025-11-08T17:39:34.875231Z,0.6,52,no,30ab8e70-6fb7-64e5-9e73-07a2613d6abf
KXATPMATCH-25NOV08NORTIE-NOR,2025-11-08T17:39:29.419393Z,0.76,26,yes,e05cf54e-9661-5320-caa7-106cff78636f
KXATPMATCH-25NOV08NORTIE-NOR,2025-11-08T17:39:24.581271Z,0.6,2,no,d7d47fec-8b81-6329-f5db-02eae72cdcac
KXATPMATCH-25NOV08NORTIE-NOR,2025-11-08T17:39:19.063465Z,0.68,14,yes,fa11faab-ab5f-4208-b91d-b9878a8b5825
KXATPMATCH-25NOV08NORTIE-NOR,2025-11-08T17:39:17.795219Z,0.66,10,no,f0d020e9-5019-5064-516a-a7a2d643f077
KXATPMATCH-25NOV08NORTIE-NOR,2025-11-08T17:39:17.093413Z,0.68,512,yes,bd29518e-562d-7e48-13eb-5dca261ff254
KXATPMATCH-25NOV08NORTIE-NOR,2025-11-08T17:39:17.093413Z,0.68,926,yes,a532aa9f-e1c3-78e4-0910-17d686e4fbe5
KXATPMATCH-25NOV08NORTIE-NOR,2025-11-08T17:39:15.174922Z,0.66,200,no,f76af88d-0db1-574c-0885-531cc7999df3
KXATPMATCH-25NOV08NORTIE-NOR,2025-11-08T17:39:11.247237Z,0.68,14,yes,12c61dae-08f5-7110-909e-38df383f51a8
KXATPMATCH-25NOV08NORTIE-NOR,2025-11-08T17:39:04.871642Z,0.67,11,yes,e8058ea7-232e-5493-6d41-d2caabd3defe
KXATPMATCH-25NOV08NORTIE-NOR,2025-11-08T17:38:58.832437Z,0.66,1,no,c2b27f0b-cff5-4c84-af56-8ef45f946e13
KXATPMATCH-25NOV08NORTIE-NOR,2025-11-08T17:38:58.701164Z,0.66,1,no,f07c7428-e0c9-41c4-bffa-78743c9d3157
KXATPMATCH-25NOV08NORTIE-NOR,2025-11-08T17:38:58.673967Z,0.66,1,no,88307dc7-7c51-61cc-43a1-3cc81c5a02c7
KXATPMATCH-25NOV08NORTIE-NOR,2025-11-08T17:38:58.659085Z,0.64,103,yes,f1a83200-e7b8-4256-b70f-359094bf0732
KXATPMATCH-25NOV08NORTIE-NOR,2025-11-08T17:38:55.527975Z,0.55,3,yes,c3575dd7-03b5-6d3c-80aa-9fa629e7b307
KXATPMATCH-25NOV08NORTIE-NOR,2025-11-08T17:38:55.527975Z,0.55,150,yes,161ef3c9-1697-68dc-a2e9-1b798b866203
KXATPMATCH-25NOV08NORTIE-NOR,2025-11-08T17:38:49.005464Z,0.53,274,yes,5152c906-ed48-5ea6-935d-67e78070cd4f
KXATPMATCH-25NOV08NORTIE-NOR,2025-11-08T17:38:46.034064Z,0.53,155,yes,e1a3580e-4c90-53ca-e459-2f44eec0f6a3
KXATPMATCH-25NOV08NORTIE-NOR,2025-11-08T17:38:29.429289Z,0.53,9,yes,eafe6b66-b3b0-4e62-3f7a-1e5ea7138777
KXATPMATCH-25NOV08NORTIE-NOR,2025-11-08T17:38:28.772512Z,0.53,91,yes,35723e35-27e0-441a-6e04-103b7ab56637
KXATPMATCH-25NOV08NORTIE-NOR,2025-11-08T17:38:17.820926Z,0.5,195,yes,e916dcb3-71ed-420b-fc03-883407100aa2
KXATPMATCH-25NOV08NORTIE-NOR,2025-11-08T17:38:16.465832Z,0.5,193,yes,06537c73-cba5-6c8f-164a-053b885c5666
KXATPMATCH-25NOV08NORTIE-NOR,2025-11-08T17:38:00.568775Z,0.5,57,yes,651344a1-3ef1-6c77-0128-f43b7d9844fe
KXATPMATCH-25NOV08NORTIE-NOR,2025-11-08T17:37:45.167388Z,0.46,450,yes,c71b5234-1f85-6410-b9b9-33eaf9d55812
KXATPMATCH-25NOV08NORTIE-NOR,2025-11-08T17:37:44.208662Z,0.45,100,yes,fb446c4d-f1cd-549f-8520-38d2b4d30c0c
KXATPMATCH-25NOV08NORTIE-NOR,2025-11-08T17:37:43.945262Z,0.44,56,no,e1de5c28-fa46-5344-78e3-3037e8b2cf50
KXATPMATCH-25NOV08NORTIE-NOR,2025-11-08T17:37:39.693004Z,0.46,523,yes,f8e2be4e-5211-401a-6508-17aee0b2df2b
KXATPMATCH-25NOV08NORTIE-NOR,2025-11-08T17:37:35.428551Z,0.45,100,yes,17e0a1af-4210-5aa7-f78e-c6eed663b563
KXATPMATCH-25NOV08NORTIE-NOR,2025-11-08T17:37:35.428551Z,0.45,310,yes,0314eec1-1b2f-5f0f-d6f1-96dcb03fcdbf
KXATPMATCH-25NOV08NORTIE-NOR,2025-11-08T17:37:09.139813Z,0.47,14,yes,f6dfd3f9-7ac2-6d9d-20e0-329b199112b6
KXATPMATCH-25NOV08NORTIE-NOR,2025-11-08T17:37:00.675639Z,0.49,39,yes,66ce6df2-2ccc-6996-eda2-6d29b8bd3e40
KXATPMATCH-25NOV08NORTIE-NOR,2025-11-08T17:36:56.204894Z,0.49,10,yes,b14b4ec7-0a58-5d8e-2d9c-9d950c283e38
KXATPMATCH-25NOV08NORTIE-NOR,2025-11-08T17:36:50.223522Z,0.49,75,no,347937d0-4585-464b-8a3b-31afc8a7beb5
KXATPMATCH-25NOV08NORTIE-NOR,2025-11-08T17:36:34.56187Z,0.46,104,yes,ceac3099-3604-68a5-c968-c55986495198
KXATPMATCH-25NOV08NORTIE-NOR,2025-11-08T17:36:29.396891Z,0.46,9,no,983ceba7-82af-57c4-99c6-4c2588c91bd9
KXATPMATCH-25NOV08NORTIE-NOR,2025-11-08T17:36:21.304769Z,0.47,10,yes,a5a30489-5e03-6797-678a-eb213225111e
KXATPMATCH-25NOV08NORTIE-NOR,2025-11-08T17:35:58.78476Z,0.42,483,no,419fd0c4-2329-5e03-29f3-aec69f33b389
KXATPMATCH-25NOV08NORTIE-NOR,2025-11-08T17:35:58.78476Z,0.42,756,no,0855b283-5785-523a-3705-acb0005e7aeb
KXATPMATCH-25NOV08NORTIE-NOR,2025-11-08T17:35:47.64315Z,0.42,194,no,db84ed5c-dd11-639e-9f91-090132b202a3
KXATPMATCH-25NOV08NORTIE-NOR,2025-11-08T17:35:08.619408Z,0.43,1,no,912c16f5-38b1-77bc-1df7-2a86ef31c2ba
KXATPMATCH-25NOV08NORTIE-NOR,2025-11-08T17:35:08.619408Z,0.42,50,no,80bfa237-f705-7162-08be-78a3f0896847
KXATPMATCH-25NOV08NORTIE-NOR,2025-11-08T17:34:58.027578Z,0.43,238,no,0d9355d9-2c05-4583-98b0-9950448f753e
KXATPMATCH-25NOV08NORTIE-NOR,2025-11-08T17:34:46.325027Z,0.44,1,yes,0507367c-de6a-552f-bfa6-8daaebc21421
KXATPMATCH-25NOV08NORTIE-NOR,2025-11-08T17:34:39.200993Z,0.44,2,yes,901319e0-f702-7547-b5d6-222c16dfe7b9
KXATPMATCH-25NOV08NORTIE-NOR,2025-11-08T17:34:36.059666Z,0.43,277,no,d6125c8f-3cfd-5967-a8bd-5b54b9c53cae
KXATPMATCH-25NOV08NORTIE-NOR,2025-11-08T17:34:32.542155Z,0.44,43,yes,fb8f1060-085e-6007-e9f4-0f20c5be0319
KXATPMATCH-25NOV08NORTIE-NOR,2025-11-08T17:34:30.510765Z,0.44,1,yes,20e237a4-b20a-705b-69fd-882f09bc0255
KXATPMATCH-25NOV08NORTIE-NOR,2025-11-08T17:34:29.601905Z,0.44,10,yes,464302fd-0482-779f-317b-4089cc5074d9
KXATPMATCH-25NOV08NORTIE-NOR,2025-11-08T17:34:15.232742Z,0.43,26,no,8aaefc05-d0a4-7d19-a475-e89c2b9a643e
KXATPMATCH-25NOV08NORTIE-NOR,2025-11-08T17:34:07.474422Z,0.43,1000,no,ab7dd652-86e8-7f80-4357-1cc6db4f91c6
KXATPMATCH-25NOV08NORTIE-NOR,2025-11-08T17:34:07.474422Z,0.43,114,no,a5e802af-4c6b-76bc-4997-1dcc5795c2c1
KXATPMATCH-25NOV08NORTIE-NOR,2025-11-08T17:34:07.474422Z,0.43,371,no,7f5027de-df5b-72c3-752b-ab2dc71f333a
KXATPMATCH-25NOV08NORTIE-NOR,2025-11-08T17:34:04.20445Z,0.44,4,yes,3a11c90e-216b-70ec-0eb1-94d98181d23b
KXATPMATCH-25NOV08NORTIE-NOR,2025-11-08T17:33:58.900371Z,0.43,39,no,994806da-1457-61e0-ab61-4c183a1c1b75
KXATPMATCH-25NOV08NORTIE-NOR,2025-11-08T17:33:58.433009Z,0.43,46,no,12e9101a-cc9b-6538-c2ad-0ddef27b27c5
KXATPMATCH-25NOV08NORTIE-NOR,2025-11-08T17:33:31.623454Z,0.46,2,no,93f840f1-5c9f-74b6-2883-4b83fa57cbce
KXATPMATCH-25NOV08NORTIE-NOR,2025-11-08T17:33:22.258079Z,0.48,402,yes,e0774cbc-faf3-6e0b-c3d3-e32172cb7d12
KXATPMATCH-25NOV08NORTIE-NOR,2025-11-08T17:33:08.941489Z,0.43,10,no,8e9c305d-8fec-6408-0dc8-e9afc3ffb9ce
KXATPMATCH-25NOV08NORTIE-NOR,2025-11-08T17:32:58.055297Z,0.44,200,no,d62ac5c5-4347-4bf5-2a16-e267ec29c72e
KXATPMATCH-25NOV08NORTIE-NOR,2025-11-08T17:32:54.834189Z,0.43,23,no,a25322fe-8bc0-43f8-7239-03be315aedd2
KXATPMATCH-25NOV08NORTIE-NOR,2025-11-08T17:32:35.40952Z,0.45,23,yes,6064bbb7-9743-40c1-4a9b-5b000ce570c4
KXATPMATCH-25NOV08NORTIE-NOR,2025-11-08T17:32:11.077473Z,0.5,200,no,b4ba81c5-cec4-4a04-1345-a0c29260dcd4
KXATPMATCH-25NOV08NORTIE-NOR,2025-11-08T17:31:57.817769Z,0.51,35,no,4accdb2a-9923-437d-8e60-4a98eb0d7ced
KXATPMATCH-25NOV08NORTIE-NOR,2025-11-08T17:31:50.569399Z,0.51,119,no,305c5cee-79b7-594d-ce11-622089d07109
KXATPMATCH-25NOV08NORTIE-NOR,2025-11-08T17:31:49.563063Z,0.51,209,no,04864ea1-478f-4ae9-a83c-6dbe05a87ae9
KXATPMATCH-25NOV08NORTIE-NOR,2025-11-08T17:31:38.440617Z,0.52,509,no,23c57799-bdc3-78eb-3c6f-b8b1af3f3b51
KXATPMATCH-25NOV08NORTIE-NOR,2025-11-08T17:31:35.363238Z,0.52,17,no,40620334-cfa7-6d57-7860-f5cae77a2d15
KXATPMATCH-25NOV08NORTIE-NOR,2025-11-08T17:31:35.098872Z,0.52,526,no,810d929a-0d2e-4ad0-b0c9-07dfe1fa8c48
KXATPMATCH-25NOV08NORTIE-NOR,2025-11-08T17:31:31.950315Z,0.5,120,yes,b478eabe-ba88-67db-6021-e2997842b71e
KXATPMATCH-25NOV08NORTIE-NOR,2025-11-08T17:31:31.950315Z,0.49,199,yes,94bd3d50-59e0-6aaa-714d-7f6f9333e673
KXATPMATCH-25NOV08NORTIE-NOR,2025-11-08T17:31:21.709305Z,0.48,10,yes,f290be90-f415-6aa9-5c1c-5167e2177b4c
KXATPMATCH-25NOV08NORTIE-NOR,2025-11-08T17:31:16.345899Z,0.48,10,yes,72031b76-6679-625d-6ac0-554dde3d742c
KXATPMATCH-25NOV08NORTIE-NOR,2025-11-08T17:31:13.366187Z,0.48,526,no,8e0f6a43-3676-7b85-6f63-df52ec8603fa
KXATPMATCH-25NOV08NORTIE-NOR,2025-11-08T17:31:02.985327Z,0.43,27,no,c23b84f7-1c08-47ae-fee1-3e0e371f23e4
KXATPMATCH-25NOV08NORTIE-NOR,2025-11-08T17:31:02.963675Z,0.41,100,yes,d93d7253-05a7-6072-25e0-4e60b869f74a
KXATPMATCH-25NOV08NORTIE-NOR,2025-11-08T17:31:02.963675Z,0.4,100,yes,9fc88dc7-add9-6b4a-2e02-8a473328a6a4
KXATPMATCH-25NOV08NORTIE-NOR,2025-11-08T17:31:02.963675Z,0.42,100,yes,95f79f0c-b4c5-689e-10b8-632a40cf7d71
KXATPMATCH-25NOV08NORTIE-NOR,2025-11-08T17:31:02.143118Z,0.41,177,yes,d06ca1bd-b84b-7814-23af-79236e53d54f
KXATPMATCH-25NOV08NORTIE-NOR,2025-11-08T17:31:02.143118Z,0.42,500,yes,c5907cfb-81a6-747e-00c3-ac763295132d
KXATPMATCH-25NOV08NORTIE-NOR,2025-11-08T17:31:02.143118Z,0.4,100,yes,a6182e2d-7248-7e4b-16a9-3a91e4d1bf2d
KXATPMATCH-25NOV08NORTIE-NOR,2025-11-08T17:30:47.463825Z,0.41,16,yes,e139d19c-c8d7-74b4-232e-dea352d7915b
KXATPMATCH-25NOV08NORTIE-NOR,2025-11-08T17:30:36.280326Z,0.39,500,yes,cf495c2f-7f57-726b-69b3-cdf1b0f0de1a
KXATPMATCH-25NOV08NORTIE-NOR,2025-11-08T17:30:36.280326Z,0.39,61,yes,aad004c2-c57d-740e-67cc-5218da50f365
KXATPMATCH-25NOV08NORTIE-NOR,2025-11-08T17:30:36.20691Z,0.39,7,yes,2bf22239-986d-6b6a-75af-5e8f9af292d1
KXATPMATCH-25NOV08NORTIE-NOR,2025-11-08T17:30:35.897542Z,0.38,53,no,cad369ff-9c5a-689b-2a04-360e3791f706
KXATPMATCH-25NOV08NORTIE-NOR,2025-11-08T17:30:34.920587Z,0.36,500,yes,10417bbb-3ad3-7a6b-e83d-31cdaa254319
KXATPMATCH-25NOV08NORTIE-NOR,2025-11-08T17:30:34.81624Z,0.39,46,yes,23aa412c-0f0d-45ce-ef69-2be0e9ba8459
KXATPMATCH-25NOV08NORTIE-NOR,2025-11-08T17:30:25.400081Z,0.32,549,no,c9fb27bc-4478-5e7f-01e4-beed775b5fba
KXATPMATCH-25NOV08NORTIE-NOR,2025-11-08T17:30:25.400081Z,0.32,108,no,9210668d-c3e9-5b3d-061c-ca80cbb862e7
KXATPMATCH-25NOV08NORTIE-NOR,2025-11-08T17:30:18.135579Z,0.34,87,yes,f2d7407b-2c7c-6a3f-77a5-dde772509efb
KXATPMATCH-25NOV08NORTIE-NOR,2025-11-08T17:30:12.072346Z,0.34,43,yes,f6bf6603-b753-4aa7-c0be-69c2679107b6
KXATPMATCH-25NOV08NORTIE-NOR,2025-11-08T17:30:12.072346Z,0.33,100,yes,28439385-dcfe-4341-e5a1-721298c04ed6
KXATPMATCH-25NOV08NORTIE-NOR,2025-11-08T17:30:10.065876Z,0.33,1,yes,dfb38827-a994-6506-d199-a5d8c4813af1
KXATPMATCH-25NOV08NORTIE-NOR,2025-11-08T17:30:09.808703Z,0.36,100,no,e921e097-004f-70f5-e1ef-bdf9a39c9e85
KXATPMATCH-25NOV08NORTIE-NOR,2025-11-08T17:30:09.808703Z,0.36,69,no,b8846775-5c0d-78a6-db83-a7d78254328c
KXATPMATCH-25NOV08NORTIE-NOR,2025-11-08T17:30:09.599868Z,0.37,1,no,ad366ed7-d4e1-47d9-6089-1a681c039514
KXATPMATCH-25NOV08NORTIE-NOR,2025-11-08T17:30:09.523504Z,0.37,1,no,1b6fae44-2636-63c3-55e3-3d0668a881d9
KXATPMATCH-25NOV08NORTIE-NOR,2025-11-08T17:30:08.502036Z,0.39,114,no,5bb4e833-691c-6044-24d7-f70f4019e6a9
KXATPMATCH-25NOV08NORTIE-NOR,2025-11-08T17:30:07.583107Z,0.39,22,no,12ff67fa-9a24-6d8c-7301-b21faff5e041
KXATPMATCH-25NOV08NORTIE-NOR,2025-11-08T17:29:57.522866Z,0.41,7,yes,d4816916-4483-4a1c-8f42-601cb6aa3c53
KXATPMATCH-25NOV08NORTIE-NOR,2025-11-08T17:29:36.704432Z,0.41,69,yes,923810f4-3361-4320-5187-4d31e15abcd1
KXATPMATCH-25NOV08NORTIE-NOR,2025-11-08T17:29:20.311146Z,0.36,1,yes,735b4027-0127-6050-b07f-2e4635ec11b1
KXATPMATCH-25NOV08NORTIE-NOR,2025-11-08T17:29:14.698964Z,0.36,66,yes,3b2b6254-1463-498c-adc2-a13de3b3940d
KXATPMATCH-25NOV08NORTIE-NOR,2025-11-08T17:29:09.768825Z,0.36,64,no,91e24210-6aeb-5fd1-a8f4-734ac4332000
KXATPMATCH-25NOV08NORTIE-NOR,2025-11-08T17:29:09.768825Z,0.38,2,no,85e8dd57-aa83-527f-83e9-aeaf98a1217a
KXATPMATCH-25NOV08NORTIE-NOR,2025-11-08T17:29:09.768825Z,0.36,36,no,0a2c8b1b-6067-535e-94ab-dc5ddb4dbac2
KXATPMATCH-25NOV08NORTIE-NOR,2025-11-08T17:29:04.020016Z,0.42,126,no,fb9c5fb3-9831-7877-d079-2d71a3fbe764
KXATPMATCH-25NOV08NORTIE-NOR,2025-11-08T17:28:33.866841Z,0.46,209,yes,b6f6535b-faf3-7128-7300-93dccf4faf13
KXATPMATCH-25NOV08NORTIE-NOR,2025-11-08T17:28:08.353167Z,0.46,22,yes,179a4508-067f-6224-7e5e-7fe5894b2913
KXATPMATCH-25NOV08NORTIE-NOR,2025-11-08T17:28:07.558054Z,0.46,2,yes,2f2f1ba9-5437-4608-a7d2-965f94a488df
KXATPMATCH-25NOV08NORTIE-NOR,2025-11-08T17:28:02.930501Z,0.46,55,yes,3b718d11-42c3-44b8-6d0f-32b509bad26b
KXATPMATCH-25NOV08NORTIE-NOR,2025-11-08T17:28:02.540012Z,0.46,120,yes,3751ff03-7a5f-567c-3526-f7b65dc07607
KXATPMATCH-25NOV08NORTIE-NOR,2025-11-08T17:27:57.884985Z,0.46,100,yes,f547af1a-1a3b-6213-2992-4a6dbe299697
KXATPMATCH-25NOV08NORTIE-NOR,2025-11-08T17:27:57.884985Z,0.46,43,yes,6fbdf7c2-3cac-6417-0e54-223a57994f7c
KXATPMATCH-25NOV08NORTIE-NOR,2025-11-08T17:27:57.884985Z,0.46,118,yes,6785f997-b9fb-6fd4-386e-362cd9bb64df
KXATPMATCH-25NOV08NORTIE-NOR,2025-11-08T17:27:47.809114Z,0.44,15,no,32c3fa67-03f5-7017-1e15-148b767a731f
KXATPMATCH-25NOV08NORTIE-NOR,2025-11-08T17:27:37.888708Z,0.46,190,yes,430dfa95-4944-651f-7887-6e0aca38c44c
KXATPMATCH-25NOV08NORTIE-NOR,2025-11-08T17:27:34.744552Z,0.46,39,yes,5b896528-1708-5c77-aea7-26051382f354
KXATPMATCH-25NOV08NORTIE-NOR,2025-11-08T17:27:33.440882Z,0.46,291,yes,a966ac31-8d97-7b85-2571-0d97a668f4dd
KXATPMATCH-25NOV08NORTIE-NOR,2025-11-08T17:27:33.440882Z,0.46,346,yes,a0221333-939c-72a3-038f-603590d3ce9c
KXATPMATCH-25NOV08NORTIE-NOR,2025-11-08T17:27:33.440882Z,0.46,1457,yes,9932958c-39b5-777e-237e-dd45af818fe0
KXATPMATCH-25NOV08NORTIE-NOR,2025-11-08T17:27:30.855143Z,0.45,74,no,c5091118-0d37-58e3-ac97-8200d7044a15
KXATPMATCH-25NOV08NORTIE-NOR,2025-11-08T17:27:30.855143Z,0.45,555,no,343e2e04-6914-5491-a933-a7f75963998d
KXATPMATCH-25NOV08NORTIE-NOR,2025-11-08T17:27:22.448377Z,0.45,525,no,4fc6ac8d-20ab-681b-0fe8-8b0438c0da35
KXATPMATCH-25NOV08NORTIE-NOR,2025-11-08T17:27:21.506107Z,0.45,1000,no,cc439b74-b1ee-577b-1624-a2e6ab469040
KXATPMATCH-25NOV08NORTIE-NOR,2025-11-08T17:27:21.506107Z,0.45,600,no,54a159b7-cbb3-5b44-2b87-86bdc1fcda46
KXATPMATCH-25NOV08NORTIE-NOR,2025-11-08T17:27:21.506107Z,0.44,319,no,545972a5-113d-515f-039d-31897a2d64b3
KXATPMATCH-25NOV08NORTIE-NOR,2025-11-08T17:27:21.163674Z,0.46,125,yes,e0e71c81-ecb1-430a-cf92-88c68c99a39c
KXATPMATCH-25NOV08NORTIE-NOR,2025-11-08T17:27:18.286491Z,0.45,140,no,f807f084-cb84-73ce-d54a-d35fdf17cf7f
KXATPMATCH-25NOV08NORTIE-NOR,2025-11-08T17:27:17.693953Z,0.46,418,yes,8e5ec041-6115-4052-bbfd-eada1d09fcb4
KXATPMATCH-25NOV08NORTIE-NOR,2025-11-08T17:27:13.485424Z,0.45,50,no,0ee2c5a5-2a08-4a52-ca1c-43b895c941f3
KXATPMATCH-25NOV08NORTIE-NOR,2025-11-08T17:27:05.877083Z,0.45,6,no,907ee900-dc48-73ee-a05d-376b0e9993ef
KXATPMATCH-25NOV08NORTIE-NOR,2025-11-08T17:26:43.11088Z,0.5,193,yes,280a081c-5a51-464e-5974-4c583de2b667
KXATPMATCH-25NOV08NORTIE-NOR,2025-11-08T17:26:28.880063Z,0.52,14,yes,68e1d51a-994e-55b5-0c1a-a08095da5535
KXATPMATCH-25NOV08NORTIE-NOR,2025-11-08T17:26:28.473281Z,0.52,81,no,851e3681-fc1d-6d7a-57d2-30de4952499f
KXATPMATCH-25NOV08NORTIE-NOR,2025-11-08T17:26:27.741298Z,0.55,17,yes,01792570-9a09-657b-3e66-2f10fc900cc2
KXATPMATCH-25NOV08NORTIE-NOR,2025-11-08T17:26:26.820287Z,0.55,173,yes,ea7ad13a-2059-7c53-19c1-8caa6aa8982e
KXATPMATCH-25NOV08NORTIE-NOR,2025-11-08T17:26:26.687902Z,0.52,25,no,9f6e3e9d-ee81-6efe-dd26-307160791a3f
KXATPMATCH-25NOV08NORTIE-NOR,2025-11-08T17:26:25.769312Z,0.55,500,no,8efd7760-1a80-53ee-de04-0e2c7878aa6e
KXATPMATCH-25NOV08NORTIE-NOR,2025-11-08T17:26:24.508212Z,0.58,83,yes,1e537969-a520-678e-bcaa-4cf635d7f0e7
KXATPMATCH-25NOV08NORTIE-NOR,2025-11-08T17:26:20.786531Z,0.58,167,yes,3f4624b6-2854-4d5e-b3d6-9f1b058d1de3
KXATPMATCH-25NOV08NORTIE-NOR,2025-11-08T17:26:11.70133Z,0.57,22,yes,86b3118f-d687-510a-d568-8a27f2158257
KXATPMATCH-25NOV08NORTIE-NOR,2025-11-08T17:26:10.543736Z,0.57,18,yes,dd817bd4-c97f-6d86-e714-f4adcc41dd7f
KXATPMATCH-25NOV08NORTIE-NOR,2025-11-08T17:26:08.875435Z,0.56,526,no,e155cbe1-9ed8-6854-c49b-ef31440e758f
KXATPMATCH-25NOV08NORTIE-NOR,2025-11-08T17:26:08.875435Z,0.56,296,no,62c62313-b298-6571-f512-5aed307dbb00
KXATPMATCH-25NOV08NORTIE-NOR,2025-11-08T17:26:04.104966Z,0.57,18,yes,052fcf65-c6cb-4d26-48ad-1bc08640c7a3
KXATPMATCH-25NOV08NORTIE-NOR,2025-11-08T17:25:53.492723Z,0.55,13,no,f614d42e-f258-41ae-fbe6-860bfe84e41b
KXATPMATCH-25NOV08NORTIE-NOR,2025-11-08T17:25:50.148192Z,0.53,7,no,5b9e3990-e80b-4661-6f0a-7fb476322d01
KXATPMATCH-25NOV08NORTIE-NOR,2025-11-08T17:25:50.148192Z,0.55,31,no,21255200-cae5-45ed-7f70-a1ac766b216b
KXATPMATCH-25NOV08NORTIE-NOR,2025-11-08T17:25:50.148192Z,0.57,162,no,02c3e132-bb78-4126-6e49-ebd184baf1c2
KXATPMATCH-25NOV08NORTIE-NOR,2025-11-08T17:25:50.110363Z,0.65,2344,no,c02591d6-011c-735a-c293-a5c1fcc87acd
KXATPMATCH-25NOV08NORTIE-NOR,2025-11-08T17:25:49.971941Z,0.64,200,no,06e3123d-7ee9-4d4c-dfcd-cfad2297685b
KXATPMATCH-25NOV08NORTIE-NOR,2025-11-08T17:25:44.764914Z,0.7,194,yes,bc91c8ed-37d6-5289-e27e-39480e71bd38
KXATPMATCH-25NOV08NORTIE-NOR,2025-11-08T17:25:38.921686Z,0.7,529,yes,7d96c6c7-9cbf-65d9-9782-f5e1700b0b85
KXATPMATCH-25NOV08NORTIE-NOR,2025-11-08T17:25:38.921686Z,0.7,471,yes,1dc2a43a-9011-6fe3-935c-1e946dec57d0
KXATPMATCH-25NOV08NORTIE-NOR,2025-11-08T17:25:36.346187Z,0.69,27,yes,acf877cc-b140-4930-8a4a-d1baa7537d4e
KXATPMATCH-25NOV08NORTIE-NOR,2025-11-08T17:25:36.212901Z,0.68,62,no,3c43fada-324c-6968-ba61-e60f88a71d82
KXATPMATCH-25NOV08NORTIE-NOR,2025-11-08T17:25:36.011674Z,0.68,34,no,ec5e275b-a430-7cfc-5baf-21593909a096
KXATPMATCH-25NOV08NORTIE-NOR,2025-11-08T17:25:36.011674Z,0.68,361,no,c1633bf3-9887-7ee4-5cca-c4e14f43cbaf
KXATPMATCH-25NOV08NORTIE-NOR,2025-11-08T17:25:35.474858Z,0.7,55,yes,cfeda46a-fa6d-64c7-0a8a-8a5d5cbdbc78
KXATPMATCH-25NOV08NORTIE-NOR,2025-11-08T17:25:22.038955Z,0.69,283,yes,df626976-0c57-66e8-5b36-320fac564cac
KXATPMATCH-25NOV08NORTIE-NOR,2025-11-08T17:25:22.038955Z,0.69,350,yes,d807aeb1-1fcb-63f5-53a0-0298eb805219
KXATPMATCH-25NOV08NORTIE-NOR,2025-11-08T17:25:22.038955Z,0.69,200,yes,6ee8cacc-29f7-6f5f-7cc7-6187b5c46f37
KXATPMATCH-25NOV08NORTIE-NOR,2025-11-08T17:25:22.038955Z,0.69,526,yes,24389ddb-54bd-6a91-7395-a40774326913
KXATPMATCH-25NOV08NORTIE-NOR,2025-11-08T17:25:21.966324Z,0.68,457,no,109426a6-31a7-49d0-03b9-26873d510a4f
KXATPMATCH-25NOV08NORTIE-NOR,2025-11-08T17:25:16.100445Z,0.68,4,no,581c71eb-4407-456c-b90a-2ced9c9dd24b
KXATPMATCH-25NOV08NORTIE-NOR,2025-11-08T17:25:12.012934Z,0.7,11,yes,f4d3f039-7dc5-4723-fcff-c7d6dc171c6e
KXATPMATCH-25NOV08NORTIE-NOR,2025-11-08T17:25:12.012934Z,0.65,4,yes,e89fb004-f414-4d5e-d953-576b8b3744af
KXATPMATCH-25NOV08NORTIE-NOR,2025-11-08T17:25:12.012934Z,0.7,61,yes,becbdf01-dccc-4393-d76a-7fa5ef86d6cc
KXATPMATCH-25NOV08NORTIE-NOR,2025-11-08T17:25:12.012934Z,0.68,93,yes,b8c96b1e-3e09-4805-e474-be0269586282
KXATPMATCH-25NOV08NORTIE-NOR,2025-11-08T17:25:12.012934Z,0.69,49,yes,b5ebf2bb-7918-4ae1-c5d2-61d36a3a2c12
KXATPMATCH-25NOV08NORTIE-NOR,2025-11-08T17:25:12.012934Z,0.71,5,yes,b4ce9987-d262-426d-df34-f7395a95b037
KXATPMATCH-25NOV08NORTIE-NOR,2025-11-08T17:25:12.012934Z,0.72,77,yes,8781b40f-8d8f-41be-d5b5-783a9a892f4f
KXATPMATCH-25NOV08NORTIE-NOR,2025-11-08T17:25:11.884391Z,0.6,50,yes,e8329fd6-4e82-5532-3869-2cd557c89563
KXATPMATCH-25NOV08NORTIE-NOR,2025-11-08T17:25:11.884391Z,0.61,33,yes,e17da1da-1faa-5bea-3d95-5c2de1908edb
KXATPMATCH-25NOV08NORTIE-NOR,2025-11-08T17:25:11.884391Z,0.6,76,yes,a387da89-18d1-5486-17ac-1de77b82c6d5
KXATPMATCH-25NOV08NORTIE-NOR,2025-11-08T17:25:11.884391Z,0.6,2000,yes,630c67cf-c823-513b-0589-d4648d7d2628
KXATPMATCH-25NOV08NORTIE-NOR,2025-11-08T17:25:09.010199Z,0.52,75,no,fab47106-5bc1-7e62-cf9e-a86b2df6cfd7
KXATPMATCH-25NOV08NORTIE-NOR,2025-11-08T17:24:56.798725Z,0.52,19,no,b07f7d2e-d20d-6706-793d-b40a05afdc47
KXATPMATCH-25NOV08NORTIE-NOR,2025-11-08T17:24:56.55727Z,0.55,80,no,22fe5ce1-ddd5-5e11-733c-136ac14b7167
KXATPMATCH-25NOV08NORTIE-NOR,2025-11-08T17:24:47.395398Z,0.58,147,yes,b0d43d2a-ad07-4503-ce97-53994a88e989
KXATPMATCH-25NOV08NORTIE-NOR,2025-11-08T17:24:47.311601Z,0.56,147,yes,669382e4-4724-561b-d98e-6d60d75f75d3
KXATPMATCH-25NOV08NORTIE-NOR,2025-11-08T17:24:40.283286Z,0.57,13,yes,6a2d0257-e038-795c-5164-1d12de6230b2
KXATPMATCH-25NOV08NORTIE-NOR,2025-11-08T17:24:38.865952Z,0.57,136,yes,d68eee7b-fd51-4362-16c1-910899e25417
KXATPMATCH-25NOV08NORTIE-NOR,2025-11-08T17:24:37.603029Z,0.57,127,yes,26bd0119-c5a9-634a-06ab-f81c5a85635f
KXATPMATCH-25NOV08NORTIE-NOR,2025-11-08T17:24:28.317536Z,0.54,16,no,b2003a0d-1099-42d1-52d0-130b51096ce1
KXATPMATCH-25NOV08NORTIE-NOR,2025-11-08T17:24:14.000352Z,0.56,86,yes,13bd82b5-f03c-5ce2-0855-50e4216aa157
KXATPMATCH-25NOV08NORTIE-NOR,2025-11-08T17:24:11.139657Z,0.53,100,yes,a96c0903-8f31-6096-20f5-850c3ca38ac3
KXATPMATCH-25NOV08NORTIE-NOR,2025-11-08T17:24:11.139657Z,0.52,100,yes,2079de07-e7c4-637d-0597-2c7e0e7f4877
KXATPMATCH-25NOV08NORTIE-NOR,2025-11-08T17:23:45.472107Z,0.47,595,no,9c5abb98-bbb8-50fb-d683-c6399cd05fa4
KXATPMATCH-25NOV08NORTIE-NOR,2025-11-08T17:23:45.472107Z,0.47,198,no,5f35750a-69a5-5256-d3f1-326cc03ab850
KXATPMATCH-25NOV08NORTIE-NOR,2025-11-08T17:23:45.472107Z,0.47,1000,no,5bd531e4-be43-565b-d591-aea7a5b585d2
KXATPMATCH-25NOV08NORTIE-NOR,2025-11-08T17:23:45.472107Z,0.47,506,no,520d720f-e083-5f65-cc24-7ef9c0e45270
KXATPMATCH-25NOV08NORTIE-NOR,2025-11-08T17:23:40.344557Z,0.47,20,no,16278b9d-4cc3-6895-6928-e6e4a63c2570
KXATPMATCH-25NOV08NORTIE-NOR,2025-11-08T17:23:39.124842Z,0.47,50,yes,03bbeea5-ab16-596f-7919-46c30edbd551
KXATPMATCH-25NOV08NORTIE-NOR,2025-11-08T17:23:39.121884Z,0.47,150,yes,7d27594e-3882-428f-3a72-08711e33f795
KXATPMATCH-25NOV08NORTIE-NOR,2025-11-08T17:23:35.707901Z,0.46,72,no,3a53d255-43cb-6526-88d9-60d81cad7a05
KXATPMATCH-25NOV08NORTIE-NOR,2025-11-08T17:23:18.228834Z,0.45,85,no,732cc56f-9df8-42e6-4275-5b29dd6c98bb
KXATPMATCH-25NOV08NORTIE-NOR,2025-11-08T17:23:03.394163Z,0.46,20,yes,23596074-ba7f-7183-8efd-eaa7979acfb9
KXATPMATCH-25NOV08NORTIE-NOR,2025-11-08T17:22:59.80389Z,0.46,7,yes,c2709a13-15b7-622f-6360-927da36d99c9
KXATPMATCH-25NOV08NORTIE-NOR,2025-11-08T17:22:55.306328Z,0.46,222,yes,4dd49a81-2b7f-4c3f-2cdc-fb6783973e95
KXATPMATCH-25NOV08NORTIE-NOR,2025-11-08T17:22:35.089384Z,0.49,19,yes,8dc2593b-1b01-5357-b9a6-f644a50335eb
KXATPMATCH-25NOV08NORTIE-NOR,2025-11-08T17:22:30.3848Z,0.49,98,no,ce95bc81-42e9-58b5-0960-207579c30970
KXATPMATCH-25NOV08NORTIE-NOR,2025-11-08T17:22:29.148235Z,0.5,28,yes,9d888225-bcb4-4e24-f8e8-150c0a0305c7
KXATPMATCH-25NOV08NORTIE-NOR,2025-11-08T17:22:29.107043Z,0.5,94,yes,4815b7ee-6278-4c3c-b5d5-808a04ee30df
KXATPMATCH-25NOV08NORTIE-NOR,2025-11-08T17:22:28.776574Z,0.5,93,yes,7b1724ae-5a9c-40d4-70a1-e90f67cd338f
KXATPMATCH-25NOV08NORTIE-NOR,2025-11-08T17:22:26.627022Z,0.55,157,yes,f9c338c3-5769-757a-c7c1-5c469d90277b
KXATPMATCH-25NOV08NORTIE-NOR,2025-11-08T17:22:26.627022Z,0.53,750,yes,2642f272-c865-7634-f4ed-33f5444e1403
KXATPMATCH-25NOV08NORTIE-NOR,2025-11-08T17:22:24.242149Z,0.55,8,yes,957776d5-27ef-40ce-d645-9a4f98ea0ec6
KXATPMATCH-25NOV08NORTIE-NOR,2025-11-08T17:22:24.242149Z,0.55,45,yes,69d7815f-cd95-451a-f6c7-d0dc4d7f316f
KXATPMATCH-25NOV08NORTIE-NOR,2025-11-08T17:22:05.895214Z,0.52,26,no,714389a5-628a-72de-4431-444f5932e8fc
KXATPMATCH-25NOV08NORTIE-NOR,2025-11-08T17:22:03.62973Z,0.52,371,no,aec9e696-de5a-73ce-8cb3-7c21c1bc74e8
KXATPMATCH-25NOV08NORTIE-NOR,2025-11-08T17:22:01.373735Z,0.53,5,yes,6ccd2412-b96b-47b5-c34b-06273ef6b60b
KXATPMATCH-25NOV08NORTIE-NOR,2025-11-08T17:21:54.92823Z,0.53,182,yes,3bbdba8d-4b91-4e7f-0eef-e24413ccd147
KXATPMATCH-25NOV08NORTIE-NOR,2025-11-08T17:21:52.610835Z,0.53,599,yes,35f6e96e-c249-76bf-3131-466c303a9aaa
KXATPMATCH-25NOV08NORTIE-NOR,2025-11-08T17:21:52.610835Z,0.53,246,yes,23983cf1-261d-72c7-3d80-6b525e1f1a5b
KXATPMATCH-25NOV08NORTIE-NOR,2025-11-08T17:21:33.671347Z,0.48,91,no,e86bce9e-af74-77c0-66ea-974d6b5bae25
KXATPMATCH-25NOV08NORTIE-NOR,2025-11-08T17:21:33.671347Z,0.47,13,no,a233e915-f3db-72dd-4d2a-5b86d53df16a
KXATPMATCH-25NOV08NORTIE-NOR,2025-11-08T17:21:32.119017Z,0.49,98,yes,2c96554c-43a7-5385-1dda-326ea77d09c2
KXATPMATCH-25NOV08NORTIE-NOR,2025-11-08T17:21:25.689831Z,0.48,9,no,3b537028-58d4-57a0-b57b-4203533e4159
KXATPMATCH-25NOV08NORTIE-NOR,2025-11-08T17:21:23.498332Z,0.5,18,yes,98a97dc5-c877-617f-3707-15fc1c33b6bb
KXATPMATCH-25NOV08NORTIE-NOR,2025-11-08T17:21:23.498332Z,0.5,9,yes,7a838b81-655e-6361-0a24-10e3bee4b750
KXATPMATCH-25NOV08NORTIE-NOR,2025-11-08T17:21:18.790306Z,0.43,100,yes,bd0313fc-b36a-6496-f888-e7b4d971eb5e
KXATPMATCH-25NOV08NORTIE-NOR,2025-11-08T17:21:18.464976Z,0.4,100,yes,a11e4381-5e95-77c9-ca21-46dc0f3d626a
KXATPMATCH-25NOV08NORTIE-NOR,2025-11-08T17:21:18.464976Z,0.42,100,yes,947a468a-2949-7724-df61-22b0abba8ed1
KXATPMATCH-25NOV08NORTIE-NOR,2025-11-08T17:21:18.278218Z,0.43,556,yes,55f915c0-970d-6ced-fa82-b9343e5ac7c9
KXATPMATCH-25NOV08NORTIE-NOR,2025-11-08T17:21:18.278218Z,0.45,2,yes,44e2a4f4-d9df-6ff6-f431-6042fb361e3d
KXATPMATCH-25NOV08NORTIE-NOR,2025-11-08T17:21:18.278218Z,0.45,500,yes,2c77dd05-6e2f-65e8-dcfa-b41870e122de
KXATPMATCH-25NOV08NORTIE-NOR,2025-11-08T17:21:18.278218Z,0.43,100,yes,0b7b5cfd-f75f-690f-c8ae-91d22e8ece1f
KXATPMATCH-25NOV08NORTIE-NOR,2025-11-08T17:21:17.992626Z,0.43,2,yes,4129d843-d35d-6391-55ca-aca2b690b769
KXATPMATCH-25NOV08NORTIE-NOR,2025-11-08T17:21:17.980367Z,0.43,86,yes,963fd529-3875-7b4d-ac33-1f4d692ec9cd
KXATPMATCH-25NOV08NORTIE-NOR,2025-11-08T17:21:17.980367Z,0.41,12,yes,783d783f-4ed4-7ff5-be3b-95562a164431
KXATPMATCH-25NOV08NORTIE-NOR,2025-11-08T17:21:17.933431Z,0.4,100,yes,1cea9fe7-4e9a-5cca-07be-7085986468f4
KXATPMATCH-25NOV08NORTIE-NOR,2025-11-08T17:21:08.189282Z,0.41,56,yes,1bea81af-55d4-7b9d-8cb5-a42c53d75e39
KXATPMATCH-25NOV08NORTIE-NOR,2025-11-08T17:21:02.21256Z,0.4,12,yes,c963ed7a-0276-4f90-8641-01053dc4ef9c
KXATPMATCH-25NOV08NORTIE-NOR,2025-11-08T17:21:01.930607Z,0.4,23,yes,690a9c85-4ec2-4798-f6cc-2dde983d0448
KXATPMATCH-25NOV08NORTIE-NOR,2025-11-08T17:21:00.357394Z,0.4,1,yes,9747263f-17f6-4840-5260-623c8cad6194
KXATPMATCH-25NOV08NORTIE-NOR,2025-11-08T17:20:53.239273Z,0.41,9,yes,590c7f27-5814-755d-0e89-f32e98e61375
KXATPMATCH-25NOV08NORTIE-NOR,2025-11-08T17:20:50.700549Z,0.41,23,yes,0ec080bd-e410-4de5-0177-d34fa75b9da1
KXATPMATCH-25NOV08NORTIE-NOR,2025-11-08T17:20:45.600583Z,0.42,457,yes,e35c327b-4b96-7f2d-e715-1c5b66a75e58
KXATPMATCH-25NOV08NORTIE-NOR,2025-11-08T17:20:41.999727Z,0.42,1,yes,8e955653-c2da-418d-a441-2f0d78b33dc8
KXATPMATCH-25NOV08NORTIE-NOR,2025-11-08T17:20:38.877466Z,0.41,44,no,bc88461b-3360-4a40-7d14-f3f95f7a1f6b
KXATPMATCH-25NOV08NORTIE-NOR,2025-11-08T17:20:37.987069Z,0.4,500,no,dd36a558-f418-5fd1-fe8e-75d44689f932
KXATPMATCH-25NOV08NORTIE-NOR,2025-11-08T17:20:37.987069Z,0.41,1000,no,b24281d8-9c19-506f-fc9d-225b0bac27ea
KXATPMATCH-25NOV08NORTIE-NOR,2025-11-08T17:20:37.987069Z,0.41,526,no,6c746c78-370c-57d4-c344-59cbcb85da46
KXATPMATCH-25NOV08NORTIE-NOR,2025-11-08T17:20:37.987069Z,0.39,7,no,648cd298-341a-53e8-cdb0-3f078d3384a1
KXATPMATCH-25NOV08NORTIE-NOR,2025-11-08T17:20:37.987069Z,0.4,526,no,603d25ab-e371-55e4-d4b9-5d1036aaa1f2
KXATPMATCH-25NOV08NORTIE-NOR,2025-11-08T17:20:37.987069Z,0.41,197,no,59f91ffe-9d76-5ff1-d6fc-75864a05a998
KXATPMATCH-25NOV08NORTIE-NOR,2025-11-08T17:20:37.987069Z,0.41,756,no,57858ece-dbca-5621-e27e-65daa90bd7ff
KXATPMATCH-25NOV08NORTIE-NOR,2025-11-08T17:20:37.987069Z,0.39,526,no,093aad39-e8c7-59b3-de1f-6e0f58079760
KXATPMATCH-25NOV08NORTIE-NOR,2025-11-08T17:20:34.687808Z,0.43,87,yes,ecf5614c-643d-6a84-25f7-2a552147bb4c
KXATPMATCH-25NOV08NORTIE-NOR,2025-11-08T17:20:26.185954Z,0.42,2,no,cdf3c0fc-0782-45a6-6411-1b1a7df894b1
KXATPMATCH-25NOV08NORTIE-NOR,2025-11-08T17:20:22.252603Z,0.45,499,yes,b5e33d87-b61d-54e3-1d73-d952f6940c69
KXATPMATCH-25NOV08NORTIE-NOR,2025-11-08T17:20:22.252603Z,0.42,1,yes,0c0b4cf4-d830-59ef-27e9-83cde363cc0a
KXATPMATCH-25NOV08NORTIE-NOR,2025-11-08T17:20:21.972319Z,0.38,500,yes,640d202c-e961-65b4-c49d-dd2941594aa0
KXATPMATCH-25NOV08NORTIE-NOR,2025-11-08T17:20:14.202355Z,0.36,300,no,c56b0c2a-78b8-68cb-0a03-8e21ab52d487
KXATPMATCH-25NOV08NORTIE-NOR,2025-11-08T17:20:14.116519Z,0.36,200,no,85fee5a3-2ce0-5753-590f-8801192f53d7
KXATPMATCH-25NOV08NORTIE-NOR,2025-11-08T17:20:12.549186Z,0.36,144,no,9828dd6f-5a90-4b87-8e28-30e02725c88f
KXATPMATCH-25NOV08NORTIE-NOR,2025-11-08T17:19:58.371414Z,0.36,250,yes,3abecede-ee9a-7fc7-0915-380bee6ee7ec
KXATPMATCH-25NOV08NORTIE-NOR,2025-11-08T17:19:54.877294Z,0.36,2,yes,bea92c7f-f492-50df-867b-e8516824e1e8
KXATPMATCH-25NOV08NORTIE-NOR,2025-11-08T17:19:44.745224Z,0.38,138,yes,24533460-7dfa-79e5-b9cc-59d370638c1c
KXATPMATCH-25NOV08NORTIE-NOR,2025-11-08T17:19:42.376767Z,0.43,100,no,d91ee830-3508-553c-7e7e-b90cb1ec1a57
KXATPMATCH-25NOV08NORTIE-NOR,2025-11-08T17:19:41.92662Z,0.46,1047,yes,5897e330-89df-5627-9aa0-a420f19d710c
KXATPMATCH-25NOV08NORTIE-NOR,2025-11-08T17:19:40.231143Z,0.46,855,yes,a8eb1d5a-9883-6383-faa2-e1a3d6633ebc
KXATPMATCH-25NOV08NORTIE-NOR,2025-11-08T17:19:40.231143Z,0.45,100,yes,5695c929-f537-6584-ca4b-51a2654ae057
KXATPMATCH-25NOV08NORTIE-NOR,2025-11-08T17:19:40.231143Z,0.43,100,yes,363f59f0-875a-6c41-f9e9-fe62fced3b0a
KXATPMATCH-25NOV08NORTIE-NOR,2025-11-08T17:19:34.758448Z,0.44,1,no,93c89e0b-976f-5fb9-fcb3-474351ca0d17
KXATPMATCH-25NOV08NORTIE-NOR,2025-11-08T17:19:31.240185Z,0.45,6,yes,63e61174-0b51-4506-b467-9436a4f3b9ce
KXATPMATCH-25NOV08NORTIE-NOR,2025-11-08T17:19:29.29742Z,0.45,62,yes,305a42b7-0a95-60fa-e498-556d8839543e
KXATPMATCH-25NOV08NORTIE-NOR,2025-11-08T17:19:28.548229Z,0.45,8,yes,9163dc5b-39ed-7a92-9441-1146688e57c6
KXATPMATCH-25NOV08NORTIE-NOR,2025-11-08T17:19:27.941547Z,0.45,50,yes,d1c0b386-ec29-7ce5-83f2-909b6750bdf8
KXATPMATCH-25NOV08NORTIE-NOR,2025-11-08T17:19:27.941547Z,0.45,3,yes,5d3bcca1-bd65-7bfe-af79-2fe9a4ef684a
KXATPMATCH-25NOV08NORTIE-NOR,2025-11-08T17:19:18.021503Z,0.45,17,yes,bd03657a-132a-61e6-3076-a4b1a03f40e4
KXATPMATCH-25NOV08NORTIE-NOR,2025-11-08T17:19:11.201865Z,0.44,100,yes,955abc12-eec1-4758-fadb-213fb0894828
KXATPMATCH-25NOV08NORTIE-NOR,2025-11-08T17:19:05.947592Z,0.4,199,no,ddec8506-af95-4836-ff85-b7d19ca678cb
KXATPMATCH-25NOV08NORTIE-NOR,2025-11-08T17:19:05.947592Z,0.4,599,no,4099ea59-1398-4301-f88d-ebd770095f82
KXATPMATCH-25NOV08NORTIE-NOR,2025-11-08T17:19:05.947592Z,0.39,11,no,326f3585-3fe7-4616-fa66-db7daa523764
KXATPMATCH-25NOV08NORTIE-NOR,2025-11-08T17:19:05.947592Z,0.4,399,no,0850f5b7-32ae-456c-d8d5-d212cc8131ae
KXATPMATCH-25NOV08NORTIE-NOR,2025-11-08T17:19:05.034863Z,0.42,450,yes,73b56552-ffa1-6bcc-c23c-2a48820602aa
KXATPMATCH-25NOV08NORTIE-NOR,2025-11-08T17:18:59.868975Z,0.43,11,yes,8a81c20b-a39d-5756-fd3a-0529bfca4c97
KXATPMATCH-25NOV08NORTIE-NOR,2025-11-08T17:18:54.728486Z,0.38,10,no,87d7c250-8015-59d3-c2c5-c9bf987ecae3
KXATPMATCH-25NOV08NORTIE-NOR,2025-11-08T17:18:47.916562Z,0.4,158,no,c1497d8f-dec1-5a4c-2bcf-0d9214685aad
KXATPMATCH-25NOV08NORTIE-NOR,2025-11-08T17:18:47.916562Z,0.4,54,no,264a4367-0705-59a3-190d-2a12ce7729ed
KXATPMATCH-25NOV08NORTIE-NOR,2025-11-08T17:18:44.952579Z,0.4,8,no,fdf98b6b-38a1-736b-42aa-999a6766e5a5
KXATPMATCH-25NOV08NORTIE-NOR,2025-11-08T17:18:44.952579Z,0.41,1,no,6017da28-246f-7e57-4968-97a9a68cbf22
KXATPMATCH-25NOV08NORTIE-NOR,2025-11-08T17:18:30.641867Z,0.42,45,yes,42c17642-c9d5-5add-6f5c-5f58c4a1e1df
KXATPMATCH-25NOV08NORTIE-NOR,2025-11-08T17:18:27.923075Z,0.42,86,no,5ceb37c7-da7b-6ad5-dc20-aeea6325089a
KXATPMATCH-25NOV08NORTIE-NOR,2025-11-08T17:18:27.773685Z,0.46,162,no,73562e24-ca8d-4df4-adb0-345d5e422cf7
KXATPMATCH-25NOV08NORTIE-NOR,2025-11-08T17:18:16.438406Z,0.46,38,no,acf25184-d245-6c20-4fee-73af8609654f
KXATPMATCH-25NOV08NORTIE-NOR,2025-11-08T17:17:54.957697Z,0.45,78,no,e40fabe8-afb8-779f-2a16-30d364b9ea9a
KXATPMATCH-25NOV08NORTIE-NOR,2025-11-08T17:17:48.104435Z,0.47,21,yes,fde53cc6-73a5-6b00-8bd5-df52cbc60930
KXATPMATCH-25NOV08NORTIE-NOR,2025-11-08T17:17:46.929066Z,0.46,26,no,ae485e69-f68f-521c-2039-c83d72f57b32
KXATPMATCH-25NOV08NORTIE-NOR,2025-11-08T17:17:39.794818Z,0.46,179,no,d85f6488-13b2-6eae-9826-a999eb853a4f
KXATPMATCH-25NOV08NORTIE-NOR,2025-11-08T17:17:39.794818Z,0.46,47,no,1889de08-8adc-6205-b131-917caaeac7a9
KXATPMATCH-25NOV08NORTIE-NOR,2025-11-08T17:17:28.332976Z,0.47,410,yes,2d5a8a8f-070d-7108-b97d-889b38d20ee4
KXATPMATCH-25NOV08NORTIE-NOR,2025-11-08T17:17:27.009472Z,0.46,124,no,71c5ea3d-8a03-41b9-bf46-478407f957b0
KXATPMATCH-25NOV08NORTIE-NOR,2025-11-08T17:17:27.009472Z,0.46,876,no,0f8ef30c-7647-44d3-9285-da09de5757b5
KXATPMATCH-25NOV08NORTIE-NOR,2025-11-08T17:17:25.460815Z,0.46,29,no,aa89b22d-302b-5301-35ee-753ab76e7474
KXATPMATCH-25NOV08NORTIE-NOR,2025-11-08T17:17:21.580747Z,0.46,28,no,e92853ec-cc27-5421-9340-2c46a9dfaeb4
KXATPMATCH-25NOV08NORTIE-NOR,2025-11-08T17:17:19.742838Z,0.48,109,yes,cfb3254d-b764-41dd-ad74-79e7eb3f33a1
KXATPMATCH-25NOV08NORTIE-NOR,2025-11-08T17:17:19.742838Z,0.48,526,yes,b458166e-fff3-4e76-b781-fe0e5bdbb9c4
KXATPMATCH-25NOV08NORTIE-NOR,2025-11-08T17:17:19.742838Z,0.47,107,yes,70a92175-5e5b-4f92-b67a-4721569730dc
KXATPMATCH-25NOV08NORTIE-NOR,2025-11-08T17:17:19.742838Z,0.47,270,yes,2dc848fe-4a1b-41cd-b8a3-ee7bcc00e417
KXATPMATCH-25NOV08NORTIE-NOR,2025-11-08T17:17:17.186357Z,0.47,62,yes,150957a1-b3a7-44fd-30e9-50de5090d607
KXATPMATCH-25NOV08NORTIE-NOR,2025-11-08T17:17:14.695842Z,0.47,194,yes,b5a6cf70-264f-48c9-6ebc-89bbbf6b8aa7
KXATPMATCH-25NOV08NORTIE-NOR,2025-11-08T17:17:12.971612Z,0.46,18,no,fe12c7cc-6f9b-62c9-84c8-86d0a8bf31a8
KXATPMATCH-25NOV08NORTIE-NOR,2025-11-08T17:17:04.044102Z,0.47,500,yes,a35dd0e7-5ec5-5ab3-5937-19152d3ebd68
KXATPMATCH-25NOV08NORTIE-NOR,2025-11-08T17:16:58.291405Z,0.46,52,no,55a03562-f845-602f-6675-a3853e8d89e3
KXATPMATCH-25NOV08NORTIE-NOR,2025-11-08T17:16:55.531131Z,0.46,100,no,e6101a66-8651-7ff7-2a5e-92c3f9e84eaf
KXATPMATCH-25NOV08NORTIE-NOR,2025-11-08T17:16:55.531131Z,0.46,199,no,13a657af-74b1-7ed7-04a4-912ef2e2f4f9
KXATPMATCH-25NOV08NORTIE-NOR,2025-11-08T17:16:55.48562Z,0.47,102,yes,1805501c-08ec-7a36-1fb2-c1b466b5005a
KXATPMATCH-25NOV08NORTIE-NOR,2025-11-08T17:16:54.40353Z,0.47,10,yes,4d7ace57-9110-6606-ded7-b386c5e05432
KXATPMATCH-25NOV08NORTIE-NOR,2025-11-08T17:16:52.276511Z,0.47,9,yes,ebd9f83d-0b8c-6f72-e793-4eb2098c9e2a
KXATPMATCH-25NOV08NORTIE-NOR,2025-11-08T17:16:50.755719Z,0.46,599,no,35ef826f-1017-4a67-e670-5591386ed432
KXATPMATCH-25NOV08NORTIE-NOR,2025-11-08T17:16:50.513471Z,0.48,1781,yes,b25fa33c-f073-6dc8-a6c9-0fc37417f13e
KXATPMATCH-25NOV08NORTIE-NOR,2025-11-08T17:16:50.513471Z,0.48,761,yes,71e205af-b269-6ade-88f3-0a4604e1238c
KXATPMATCH-25NOV08NORTIE-NOR,2025-11-08T17:16:50.513471Z,0.47,526,yes,36b9f1c6-ab35-6d55-917b-257857e6660a
KXATPMATCH-25NOV08NORTIE-NOR,2025-11-08T17:16:50.513471Z,0.47,500,yes,24b55905-c74e-66b9-ab50-a8903c4f730e
KXATPMATCH-25NOV08NORTIE-NOR,2025-11-08T17:16:49.453626Z,0.47,200,no,46e94f4f-40da-64a0-6784-aad83dd1dcee
KXATPMATCH-25NOV08NORTIE-NOR,2025-11-08T17:16:46.517998Z,0.46,67,no,c3f00146-7817-775f-96c8-2c8d2aa396aa
KXATPMATCH-25NOV08NORTIE-NOR,2025-11-08T17:16:45.226598Z,0.47,599,no,1917a6ed-a52b-6af9-9e3d-95adfcbad6a5
KXATPMATCH-25NOV08NORTIE-NOR,2025-11-08T17:16:45.09084Z,0.47,116,yes,c091391f-e9b7-6587-ed89-5369042e9d29
KXATPMATCH-25NOV08NORTIE-NOR,2025-11-08T17:16:45.09084Z,0.47,2000,yes,0356aea2-944d-6559-de67-f6feffa18677
KXATPMATCH-25NOV08NORTIE-NOR,2025-11-08T17:16:45.0469Z,0.46,5,no,f2ef6737-7217-4c67-6aab-de45f9ca5c42
KXATPMATCH-25NOV08NORTIE-NOR,2025-11-08T17:16:44.614837Z,0.47,410,yes,6d415b4e-c36f-79f3-83bd-e81d35066651
KXATPMATCH-25NOV08NORTIE-NOR,2025-11-08T17:16:40.413821Z,0.47,999,no,863de3aa-45d5-5625-e49d-e2ac26a9b1e4
KXATPMATCH-25NOV08NORTIE-NOR,2025-11-08T17:16:40.413821Z,0.47,199,no,3b92dc70-96ef-5a08-d5cc-0fb6b8783c7a
KXATPMATCH-25NOV08NORTIE-NOR,2025-11-08T17:16:40.413821Z,0.47,599,no,24c755c4-b855-5b41-f676-26694baa820d
KXATPMATCH-25NOV08NORTIE-NOR,2025-11-08T17:16:39.247754Z,0.48,265,yes,d66846cc-ba11-690a-2017-504b1db60f20
KXATPMATCH-25NOV08NORTIE-NOR,2025-11-08T17:16:34.666509Z,0.47,486,yes,aa9803f2-656a-5bd5-6510-8f5b7bc4abf6
KXATPMATCH-25NOV08NORTIE-NOR,2025-11-08T17:16:34.666509Z,0.48,105,yes,a3d7e2d7-6501-58f0-6c34-e2cf45211734
KXATPMATCH-25NOV08NORTIE-NOR,2025-11-08T17:16:34.666509Z,0.48,526,yes,6832c987-4c09-58a2-53d8-fdffaefc224c
KXATPMATCH-25NOV08NORTIE-NOR,2025-11-08T17:16:34.666509Z,0.47,1000,yes,15244aa8-cd0c-594f-7f95-ee925c8b8072
KXATPMATCH-25NOV08NORTIE-NOR,2025-11-08T17:16:34.666509Z,0.48,2000,yes,042f090a-794e-5b5a-617d-b3b3a8f29daa
KXATPMATCH-25NOV08NORTIE-NOR,2025-11-08T17:16:34.361173Z,0.46,89,no,92e1a628-7ad2-7c2f-6cda-cb5ea34f5c8b
KXATPMATCH-25NOV08NORTIE-NOR,2025-11-08T17:16:33.417801Z,0.47,28,yes,6ff32c2c-9dc6-4765-1c21-4b706ce39266
KXATPMATCH-25NOV08NORTIE-NOR,2025-11-08T17:16:32.63613Z,0.47,2,yes,e2305cb4-a0d6-714d-9b69-81c9a43bcd66
KXATPMATCH-25NOV08NORTIE-NOR,2025-11-08T17:16:30.193877Z,0.46,497,no,79dc8e4e-c307-79d3-b147-82db022e3db4
KXATPMATCH-25NOV08NORTIE-NOR,2025-11-08T17:16:27.519436Z,0.46,39,no,95201bc1-18b7-695f-c1ec-c2dd415f2908
KXATPMATCH-25NOV08NORTIE-NOR,2025-11-08T17:16:26.409026Z,0.46,76,no,e68cc790-6087-6d3b-ac94-25ca43b6f700
KXATPMATCH-25NOV08NORTIE-NOR,2025-11-08T17:16:25.918395Z,0.47,10,yes,31b25e47-b342-78c5-e882-e44fa17844c2
KXATPMATCH-25NOV08NORTIE-NOR,2025-11-08T17:16:24.244472Z,0.48,243,yes,d24aa52e-3b8c-7fd0-0058-a4ee88c6dfea
KXATPMATCH-25NOV08NORTIE-NOR,2025-11-08T17:16:24.244472Z,0.48,526,yes,a15c06b7-103d-7e42-2abe-48c10273a3c2
KXATPMATCH-25NOV08NORTIE-NOR,2025-11-08T17:16:24.244472Z,0.47,526,yes,59c1134f-7d94-7892-033c-1dd6f12870cc
KXATPMATCH-25NOV08NORTIE-NOR,2025-11-08T17:16:24.244472Z,0.48,2000,yes,44c933b4-8ca6-7ea1-31ed-71518f9af0e6
KXATPMATCH-25NOV08NORTIE-NOR,2025-11-08T17:16:24.244472Z,0.48,200,yes,12cbeebb-0540-7725-1dd4-fffa599fce61
KXATPMATCH-25NOV08NORTIE-NOR,2025-11-08T17:16:22.239053Z,0.47,526,yes,0197ebcc-1d3d-551f-ac5f-293e8418b27e
KXATPMATCH-25NOV08NORTIE-NOR,2025-11-08T17:16:22.054173Z,0.47,157,no,9546aa85-623d-4404-8da3-06ff35ede9f2
KXATPMATCH-25NOV08NORTIE-NOR,2025-11-08T17:16:22.054173Z,0.47,273,no,64dde0d2-06ee-4a28-bdd1-2faa7761fdb8
KXATPMATCH-25NOV08NORTIE-NOR,2025-11-08T17:16:19.37541Z,0.47,76,no,a4d986c6-cb6e-7308-ed0a-5a9c01da2238
KXATPMATCH-25NOV08NORTIE-NOR,2025-11-08T17:16:18.548307Z,0.47,269,no,0a5d9bcb-b3da-6de8-4442-d7550eb68d44
KXATPMATCH-25NOV08NORTIE-NOR,2025-11-08T17:16:16.398011Z,0.49,57,yes,ae8b93ad-ff28-55b1-30f7-276119128e41
KXATPMATCH-25NOV08NORTIE-NOR,2025-11-08T17:16:16.359061Z,0.4,1,yes,f42d4f0d-2131-5170-c6a1-88f21fe3df92
KXATPMATCH-25NOV08NORTIE-NOR,2025-11-08T17:16:16.359061Z,0.4,75,yes,e21a46a3-9478-5709-db63-0fe1c6e2a65d
KXATPMATCH-25NOV08NORTIE-NOR,2025-11-08T17:16:16.359061Z,0.38,300,yes,64ec4237-9b0f-571d-fc34-89a5e8bfb4ac
KXATPMATCH-25NOV08NORTIE-NOR,2025-11-08T17:16:16.359061Z,0.45,57,yes,1bb75d8a-60be-59c9-e281-0d05aecfa1f9
KXATPMATCH-25NOV08NORTIE-NOR,2025-11-08T17:16:16.359061Z,0.39,55,yes,0a491f93-5d1d-5269-ef37-7aadeeb22d11
KXATPMATCH-25NOV08NORTIE-NOR,2025-11-08T17:16:15.35822Z,0.37,30,yes,36c3f506-526f-4bd2-f16c-2d2f11afbc2f
KXATPMATCH-25NOV08NORTIE-NOR,2025-11-08T17:16:14.337567Z,0.38,200,yes,b6529fdc-9053-5ea9-4def-ef9d19773b84
KXATPMATCH-25NOV08NORTIE-NOR,2025-11-08T17:16:14.091708Z,0.33,300,yes,fa6ec2c7-954f-460b-e1cc-9d2c595de57f
KXATPMATCH-25NOV08NORTIE-NOR,2025-11-08T17:16:13.941627Z,0.3,5,yes,68a59067-ac9d-458d-016b-1d9f9dabcb20
KXATPMATCH-25NOV08NORTIE-NOR,2025-11-08T17:16:13.398175Z,0.3,25,yes,ec7d1572-a87d-768d-5208-5a86c1242734
KXATPMATCH-25NOV08NORTIE-NOR,2025-11-08T17:16:13.398175Z,0.27,5,yes,da5344e7-9c25-742f-5cc2-5de18978879a
KXATPMATCH-25NOV08NORTIE-NOR,2025-11-08T17:16:13.398175Z,0.3,410,yes,912785f3-6acf-7a72-5bc2-9175cd70c70e
KXATPMATCH-25NOV08NORTIE-NOR,2025-11-08T17:16:13.398175Z,0.29,300,yes,2eb1078c-4173-778f-5e47-4e829f675dc1
KXATPMATCH-25NOV08NORTIE-NOR,2025-11-08T17:16:12.919605Z,0.25,50,no,94ddd515-90bb-4e5f-9d0a-5733041de81e
KXATPMATCH-25NOV08NORTIE-NOR,2025-11-08T17:16:12.919605Z,0.23,27,no,89223587-34ef-4f32-b942-a353552c7f0b
KXATPMATCH-25NOV08NORTIE-NOR,2025-11-08T17:16:12.919605Z,0.26,30,no,3c635045-7b0e-45fa-9121-35d07dcee359
KXATPMATCH-25NOV08NORTIE-NOR,2025-11-08T17:16:05.857348Z,0.26,30,no,f82d4ce2-71c9-5ad8-1942-193fa6994153
KXATPMATCH-25NOV08NORTIE-NOR,2025-11-08T17:16:05.857348Z,0.26,17,no,c1f7e45f-b705-522e-14af-cdce4460df9f
KXATPMATCH-25NOV08NORTIE-NOR,2025-11-08T17:16:03.202665Z,0.26,230,no,8fe53821-3876-4a43-36e9-05c94392e37d
KXATPMATCH-25NOV08NORTIE-NOR,2025-11-08T17:16:03.202665Z,0.26,30,no,20547e87-12ea-4246-3550-c049e2fdbd01
KXATPMATCH-25NOV08NORTIE-NOR,2025-11-08T17:15:53.323082Z,0.24,30,yes,efec2ec5-0ce3-69cd-6cd7-9b9cb3c2547a
KXATPMATCH-25NOV08NORTIE-NOR,2025-11-08T17:15:51.839844Z,0.23,300,yes,a412ebd9-2e87-7b85-635e-f71a815bb1bf
KXATPMATCH-25NOV08NORTIE-NOR,2025-11-08T17:15:51.297821Z,0.23,251,yes,da605674-d024-7445-60b9-214b1ef735db
KXATPMATCH-25NOV08NORTIE-NOR,2025-11-08T17:15:51.297821Z,0.21,30,yes,c198b31e-f19f-7398-7a1c-4e7d4eee5438
KXATPMATCH-25NOV08NORTIE-NOR,2025-11-08T17:15:51.297821Z,0.22,89,yes,b53fb50b-7d8f-7a12-75be-2df4bab510af
KXATPMATCH-25NOV08NORTIE-NOR,2025-11-08T17:15:51.297821Z,0.24,333,yes,588d164c-f4bb-7af0-70b6-84191fdd7644
KXATPMATCH-25NOV08NORTIE-NOR,2025-11-08T17:15:50.475481Z,0.18,102,yes,fa68b2e6-ec37-75b5-38f6-8d4e6f71e897
KXATPMATCH-25NOV08NORTIE-NOR,2025-11-08T17:15:50.475481Z,0.18,423,yes,a2cd65ca-1a3d-7e46-26d1-c3bb67edad40
KXATPMATCH-25NOV08NORTIE-NOR,2025-11-08T17:15:47.283563Z,0.18,26,yes,e7ea4a59-de87-6fa1-70ad-1863ee29f4f7
KXATPMATCH-25NOV08NORTIE-NOR,2025-11-08T17:15:35.52371Z,0.15,4,yes,a7e3fccb-1748-5618-99a6-5b7ae633e507
KXATPMATCH-25NOV08NORTIE-NOR,2025-11-08T17:15:34.910154Z,0.15,31,yes,689b9705-0a6c-4090-b809-91195700524f
KXATPMATCH-25NOV08NORTIE-NOR,2025-11-08T17:15:23.906526Z,0.11,70,yes,a24bac30-4a10-72e0-d79b-09c2bcf6ca49
KXATPMATCH-25NOV08NORTIE-NOR,2025-11-08T17:15:23.906526Z,0.13,500,yes,2e3c0417-608d-7f99-cb36-2518a15e03d5
KXATPMATCH-25NOV08NORTIE-NOR,2025-11-08T17:15:09.207652Z,0.1,1355,yes,f0443d09-893c-762d-8248-535a58d67cdc
KXATPMATCH-25NOV08NORTIE-NOR,2025-11-08T17:15:09.207652Z,0.1,526,yes,13e52109-41e0-7d1d-86f9-ecbd3672db34
KXATPMATCH-25NOV08NORTIE-NOR,2025-11-08T17:14:57.116826Z,0.1,140,no,9764b3d2-b1e0-7a2d-686d-5b61c852bcbd
KXATPMATCH-25NOV08NORTIE-NOR,2025-11-08T17:14:54.173367Z,0.13,152,no,be636566-c327-5eeb-e888-6e6843fdc8ed
KXATPMATCH-25NOV08NORTIE-NOR,2025-11-08T17:14:54.173367Z,0.14,199,no,b50e03e1-6713-5767-d405-41cfa27b1491
KXATPMATCH-25NOV08NORTIE-NOR,2025-11-08T17:14:54.173367Z,0.13,30,no,ace7572c-6e8d-5648-eb2c-5051a76e9ab9
KXATPMATCH-25NOV08NORTIE-NOR,2025-11-08T17:14:54.173367Z,0.13,53,no,9f93a0b4-3f02-5334-fc31-b9f08a0dc157
KXATPMATCH-25NOV08NORTIE-NOR,2025-11-08T17:14:31.619361Z,0.15,47,no,c2979e32-f286-4c68-94c7-556bebc439a1
KXATPMATCH-25NOV08NORTIE-NOR,2025-11-08T17:14:31.619361Z,0.15,100,no,9f6b6232-e691-4b70-8bbb-6e4dcb6dd1da
KXATPMATCH-25NOV08NORTIE-NOR,2025-11-08T17:14:31.619361Z,0.13,53,no,4e2751a6-95bb-46f3-92ce-4f65d8fa3711
KXATPMATCH-25NOV08NORTIE-NOR,2025-11-08T17:14:31.218537Z,0.2,500,no,5ad252f7-0b41-521d-e417-351427c072fe
KXATPMATCH-25NOV08NORTIE-NOR,2025-11-08T17:14:31.178835Z,0.2,30,no,c7ff7379-980b-691a-7fcf-14828a803b6b
KXATPMATCH-25NOV08NORTIE-NOR,2025-11-08T17:14:31.178835Z,0.2,500,no,0b3175f1-2f51-6093-6384-3bdd43ba6273
KXATPMATCH-25NOV08NORTIE-NOR,2025-11-08T17:14:22.284633Z,0.22,4,yes,e5fef70e-19ed-6831-063b-c471a9685875
KXATPMATCH-25NOV08NORTIE-NOR,2025-11-08T17:14:21.228483Z,0.21,94,no,30932f91-282e-75b5-566b-329c0d96da94
KXATPMATCH-25NOV08NORTIE-NOR,2025-11-08T17:14:12.108268Z,0.2,886,yes,c5415dc0-e211-7a9b-ce24-31e60c43514d
KXATPMATCH-25NOV08NORTIE-NOR,2025-11-08T17:14:08.274046Z,0.2,75,yes,707f8356-7ae9-7baf-5cef-866deea5f509
KXATPMATCH-25NOV08NORTIE-NOR,2025-11-08T17:14:08.130787Z,0.2,30,yes,94d9b83f-b661-726f-bf58-8927c2b0cb51
KXATPMATCH-25NOV08NORTIE-NOR,2025-11-08T17:14:07.285283Z,0.19,5,yes,4eaf27a0-c555-75e2-6dd5-96c90701ebf7
KXATPMATCH-25NOV08NORTIE-NOR,2025-11-08T17:14:05.386286Z,0.16,30,yes,914c5de2-147d-5bf1-a58e-b1e3aa89df0c
KXATPMATCH-25NOV08NORTIE-NOR,2025-11-08T17:14:04.56679Z,0.15,100,yes,04ca1c67-0ad8-4a9d-7bd6-df2f9335f167
KXATPMATCH-25NOV08NORTIE-NOR,2025-11-08T17:14:04.401181Z,0.15,100,yes,d705fbc4-50e2-6c2f-f257-ab61b5689051
KXATPMATCH-25NOV08NORTIE-NOR,2025-11-08T17:14:04.295956Z,0.15,100,yes,e77686a9-b949-7fc2-c2ef-63b7e96bc9b9
KXATPMATCH-25NOV08NORTIE-NOR,2025-11-08T17:14:04.024555Z,0.14,100,yes,c7fd3af3-5a06-6969-5885-b9104d3bbc4a
KXATPMATCH-25NOV08NORTIE-NOR,2025-11-08T17:14:04.024555Z,0.17,253,yes,ba1497a1-b487-6a0f-6ef5-1aacbf0aaab7
KXATPMATCH-25NOV08NORTIE-NOR,2025-11-08T17:14:04.024555Z,0.15,30,yes,ae22c421-b2d0-6cc4-74b2-c2b2e918df05
KXATPMATCH-25NOV08NORTIE-NOR,2025-11-08T17:14:04.024555Z,0.16,100,yes,a7ff2a3b-9fbb-6f97-4801-dd850e911820
KXATPMATCH-25NOV08NORTIE-NOR,2025-11-08T17:14:04.024555Z,0.16,500,yes,a23236f0-1a98-6d08-729e-579dd33db52f
KXATPMATCH-25NOV08NORTIE-NOR,2025-11-08T17:13:58.376878Z,0.15,14,yes,7e075638-6485-75c4-b9c7-88c53a2bb50e
KXATPMATCH-25NOV08NORTIE-NOR,2025-11-08T17:13:58.376878Z,0.15,30,yes,6e0d4dfe-821c-73df-96da-debc4d60be8a
KXATPMATCH-25NOV08NORTIE-NOR,2025-11-08T17:13:50.115475Z,0.14,26,yes,7831498a-7d7a-502a-b20f-a97fe5ac0421
KXATPMATCH-25NOV08NORTIE-NOR,2025-11-08T17:13:46.927674Z,0.13,100,no,b76ed7fa-d4c8-431d-947f-e1cdabee173a
KXATPMATCH-25NOV08NORTIE-NOR,2025-11-08T17:13:46.927674Z,0.12,78,no,66afb221-a3ed-4649-90b2-86c1cca66089
KXATPMATCH-25NOV08NORTIE-NOR,2025-11-08T17:13:43.135751Z,0.15,125,yes,272f3ade-0b4a-7735-0c38-189e9d3fd691
KXATPMATCH-25NOV08NORTIE-NOR,2025-11-08T17:13:37.287193Z,0.15,31,yes,73ddec78-1253-7c21-2bc5-d50aabf1730f
KXATPMATCH-25NOV08NORTIE-NOR,2025-11-08T17:13:36.270069Z,0.15,524,yes,b88ce7ab-f1eb-74a6-14a2-d83a30688ef7
KXATPMATCH-25NOV08NORTIE-NOR,2025-11-08T17:13:36.270069Z,0.15,105,yes,30ad1388-149f-7b75-0dc4-05a251cd88cf
KXATPMATCH-25NOV08NORTIE-NOR,2025-11-08T17:13:31.676367Z,0.15,2,yes,3dc7a2a7-3b1f-6e0a-4c98-5df7ce96a397
KXATPMATCH-25NOV08NORTIE-NOR,2025-11-08T17:13:26.050062Z,0.16,2,no,b8d90c36-d4b0-75eb-c681-3920b4a52e9f
KXATPMATCH-25NOV08NORTIE-NOR,2025-11-08T17:13:23.019989Z,0.17,111,yes,9c3a60de-9ea7-7b03-55c7-c09a4b123167
KXATPMATCH-25NOV08NORTIE-NOR,2025-11-08T17:13:17.141728Z,0.17,83,yes,c72b506d-9437-6bc7-d9cd-19299bb39133
KXATPMATCH-25NOV08NORTIE-NOR,2025-11-08T17:13:13.955627Z,0.17,62,yes,0f683077-4bc3-5afb-3782-564006853523
KXATPMATCH-25NOV08NORTIE-NOR,2025-11-08T17:13:10.104944Z,0.17,8,yes,47437a11-4adb-7d73-c489-ae74daa46253
KXATPMATCH-25NOV08NORTIE-NOR,2025-11-08T17:13:09.331863Z,0.17,5,yes,5e32400c-a093-79b7-72e8-37c72c3a1823
KXATPMATCH-25NOV08NORTIE-NOR,2025-11-08T17:13:06.451471Z,0.17,4,yes,13e538bc-4a1f-64cf-12bd-5a42fdb5ed9b
KXATPMATCH-25NOV08NORTIE-NOR,2025-11-08T17:13:05.996312Z,0.17,277,yes,9017d01e-d2df-4d3f-ddcb-1cecae00623f
KXATPMATCH-25NOV08NORTIE-NOR,2025-11-08T17:13:05.398165Z,0.17,50,yes,9ff27f59-ea93-554b-b6e3-8967a87a1eeb
KXATPMATCH-25NOV08NORTIE-NOR,2025-11-08T17:12:58.334056Z,0.17,30,yes,6ffdf636-3373-6e6f-20a6-48b4240840eb
KXATPMATCH-25NOV08NORTIE-NOR,2025-11-08T17:12:55.061601Z,0.16,30,yes,82174ad3-b2a2-4be2-1053-96cd9730ee7f
KXATPMATCH-25NOV08NORTIE-NOR,2025-11-08T17:12:54.04513Z,0.13,451,yes,d1afa66e-2c6e-483d-c5d2-21382509d069
KXATPMATCH-25NOV08NORTIE-NOR,2025-11-08T17:12:54.017891Z,0.13,599,no,1282781a-75fd-490c-dfe5-c86ad90a6d71
KXATPMATCH-25NOV08NORTIE-NOR,2025-11-08T17:12:52.794592Z,0.13,200,yes,95172f94-7d1c-73b6-6b1f-8b9a1c1b1016
KXATPMATCH-25NOV08NORTIE-NOR,2025-11-08T17:12:52.794592Z,0.13,6,yes,513728a2-e123-72b2-5d41-10cc95ed1d4c
KXATPMATCH-25NOV08NORTIE-NOR,2025-11-08T17:12:52.794592Z,0.14,100,yes,440bc44f-4d39-7da8-74c5-3f1eb36313fa
KXATPMATCH-25NOV08NORTIE-NOR,2025-11-08T17:12:52.794592Z,0.15,200,yes,023ea58f-b46d-72b6-6a4d-4e989f3bc29d
KXATPMATCH-25NOV08NORTIE-NOR,2025-11-08T17:12:36.745467Z,0.12,39,yes,b8edb0c8-1080-43de-aa5a-00f4765af74f
KXATPMATCH-25NOV08NORTIE-NOR,2025-11-08T17:12:32.515904Z,0.12,10,yes,bb82ee2c-6898-5c6a-9245-d86a14e8de9b
KXATPMATCH-25NOV08NORTIE-NOR,2025-11-08T17:12:32.515904Z,0.12,20,yes,4a014270-4297-5243-8164-0c4e7cac356e
KXATPMATCH-25NOV08NORTIE-NOR,2025-11-08T17:12:28.924815Z,0.12,15,yes,f89494e0-d3f7-6693-85b5-dad49699abb6
KXATPMATCH-25NOV08NORTIE-NOR,2025-11-08T17:12:27.452175Z,0.12,156,yes,33bf5a11-f3ab-5b7b-bde9-ee98d98187ca
KXATPMATCH-25NOV08NORTIE-NOR,2025-11-08T17:12:22.869392Z,0.12,109,yes,c1bb943a-e34f-7c43-3ce3-45b07b33fdba
KXATPMATCH-25NOV08NORTIE-NOR,2025-11-08T17:12:21.33046Z,0.12,10,yes,bec01257-5117-61f7-d2aa-1f98ee21a67e
KXATPMATCH-25NOV08NORTIE-NOR,2025-11-08T17:12:19.798Z,0.12,184,yes,d19f9b38-96cb-72af-85cb-2b89c2800c6a
KXATPMATCH-25NOV08NORTIE-NOR,2025-11-08T17:12:11.952336Z,0.1,88,no,df4959ea-5d7e-6a60-7350-b095cc3db79c
KXATPMATCH-25NOV08NORTIE-NOR,2025-11-08T17:12:10.274425Z,0.12,7,yes,3f294239-8b1b-46e7-c964-ce6348491d62
KXATPMATCH-25NOV08NORTIE-NOR,2025-11-08T17:12:10.128114Z,0.1,21,yes,e3e9260c-a33c-4db8-44a2-97d9b0e48f3e
KXATPMATCH-25NOV08NORTIE-NOR,2025-11-08T17:12:08.766628Z,0.12,22,yes,979bed35-7417-4133-62d9-7112d6bc955e
KXATPMATCH-25NOV08NORTIE-NOR,2025-11-08T17:11:55.286129Z,0.11,14,no,4663b201-8c5b-44a9-98dd-bc77433838ec
KXATPMATCH-25NOV08NORTIE-NOR,2025-11-08T17:11:52.062108Z,0.11,2,yes,f8884076-0c63-6718-1a7a-07f46b112a8a
KXATPMATCH-25NOV08NORTIE-NOR,2025-11-08T17:11:52.062108Z,0.12,76,yes,b430899e-0e8b-659f-334d-2ce924632d4e
KXATPMATCH-25NOV08NORTIE-NOR,2025-11-08T17:11:51.678048Z,0.1,28,no,93027bde-2f5a-609b-6fb4-4bf3f2c78a40
KXATPMATCH-25NOV08NORTIE-NOR,2025-11-08T17:11:41.681826Z,0.1,1,yes,5b2e876c-7583-748b-1700-98d4af8b2242
KXATPMATCH-25NOV08NORTIE-NOR,2025-11-08T17:11:32.008947Z,0.09,30,no,e9c2ee44-8201-6576-7531-23280103299d
KXATPMATCH-25NOV08NORTIE-NOR,2025-11-08T17:11:32.008947Z,0.09,101,no,250fa6a2-e497-6909-56a0-09ea4bf889f7
KXATPMATCH-25NOV08NORTIE-NOR,2025-11-08T17:11:27.527001Z,0.1,9,yes,fc72a817-e2ff-6c57-c792-7da42531c10b
KXATPMATCH-25NOV08NORTIE-NOR,2025-11-08T17:11:17.701934Z,0.07,350,yes,d9a5cd54-8284-757a-6197-d5bc3f14f6ae
KXATPMATCH-25NOV08NORTIE-NOR,2025-11-08T17:11:17.701934Z,0.07,200,yes,d4120fad-05ca-7b55-614e-085d7910731d
KXATPMATCH-25NOV08NORTIE-NOR,2025-11-08T17:11:17.701934Z,0.07,67,yes,0ad825c8-ac75-7509-78be-cd4566557e0c
KXATPMATCH-25NOV08NORTIE-NOR,2025-11-08T17:11:12.842009Z,0.08,85,yes,e1d1271a-9d12-60bc-daa2-0fa67ebf849b
KXATPMATCH-25NOV08NORTIE-NOR,2025-11-08T17:11:11.896477Z,0.08,58,yes,ff73fcf2-0aa2-6c5c-19bc-4342f41c6bc7
