ticker,created_time,price,count,taker_side,trade_id
KXBTCD-25NOV0911-T103999.99,2025-11-09T15:58:22.68725Z,0.02,3,yes,20a66e9d-7b41-42fc-3ee0-9dbc5b0fd92d
KXBTCD-25NOV0911-T103999.99,2025-11-09T15:58:19.622504Z,0.02,2,yes,8b68ec22-3d80-45dc-229c-cad59e850d41
KXBTCD-25NOV0911-T103999.99,2025-11-09T15:57:28.885886Z,0.01,11,no,fff93af6-e782-67d7-bc8f-d8c7eb51b318
KXBTCD-25NOV0911-T103999.99,2025-11-09T15:57:28.885886Z,0.01,14,no,ca0fe412-c8ee-64e7-b680-e10e1e6010b7
KXBTCD-25NOV0911-T103999.99,2025-11-09T15:57:28.885886Z,0.01,16,no,953665fc-5cc9-667d-945c-fb35651dc3b8
KXBTCD-25NOV0911-T103999.99,2025-11-09T15:57:28.885886Z,0.01,1,no,725c1b34-37cc-6b55-b989-b22ee3671d9b
KXBTCD-25NOV0911-T103999.99,2025-11-09T15:57:28.885886Z,0.01,1,no,0e750c55-62bb-62b0-8e48-4e57a340ee02
KXBTCD-25NOV0911-T103999.99,2025-11-09T15:57:21.7393Z,0.03,187,yes,31bdf1a9-3a72-74ee-2cd3-c1d4394f967b
KXBTCD-25NOV0911-T103999.99,2025-11-09T15:57:12.501747Z,0.01,5,no,390d7f68-0ea9-4195-4028-ff9261f37968
KXBTCD-25NOV0911-T103999.99,2025-11-09T15:57:12.501747Z,0.01,3,no,22198c25-1f7d-4836-57cd-52022ee45814
KXBTCD-25NOV0911-T103999.99,2025-11-09T15:57:12.501747Z,0.01,1,no,0aef8e18-1ad9-4470-7b1d-2ce9d6bbd3ec
KXBTCD-25NOV0911-T103999.99,2025-11-09T15:57:12.501747Z,0.01,1,no,00ce2f7e-cb15-4054-6523-59766029e5ea
KXBTCD-25NOV0911-T103999.99,2025-11-09T15:56:46.243306Z,0.06,10,no,3b5dc87d-9823-5636-7cc8-d0d21ffde82d
KXBTCD-25NOV0911-T103999.99,2025-11-09T15:56:39.920149Z,0.06,40,no,736076db-6047-498a-1e33-f76b12ab586d
KXBTCD-25NOV0911-T103999.99,2025-11-09T15:56:37.206251Z,0.05,1,no,c1598499-4adf-6eeb-60ca-c0aad1390825
KXBTCD-25NOV0911-T103999.99,2025-11-09T15:56:36.093141Z,0.05,1,no,64fd3078-c3fe-5fdb-f170-20373719a6c1
KXBTCD-25NOV0911-T103999.99,2025-11-09T15:56:34.249586Z,0.05,1,no,ed96497d-d553-6278-d755-6f00ad20a947
KXBTCD-25NOV0911-T103999.99,2025-11-09T15:56:30.853917Z,0.06,1,no,56ed713c-d3f3-638f-23c4-31a0b03ae7bb
KXBTCD-25NOV0911-T103999.99,2025-11-09T15:56:29.743116Z,0.06,1,no,77100261-5f08-6f27-f33d-e2b3a9c52e81
KXBTCD-25NOV0911-T103999.99,2025-11-09T15:56:26.929805Z,0.05,1,no,873ebf83-b62b-43bc-25aa-908d62032f69
KXBTCD-25NOV0911-T103999.99,2025-11-09T15:56:25.65993Z,0.05,1,no,7027ddc2-e424-61f5-1df9-4691e46a7e0a
KXBTCD-25NOV0911-T103999.99,2025-11-09T15:56:24.508704Z,0.05,1,no,a017c95d-69b4-6c64-6dc3-670cf5d985e0
KXBTCD-25NOV0911-T103999.99,2025-11-09T15:56:23.456339Z,0.05,1,no,28eb53e3-ba91-5de6-7884-ea4af1b85c96
KXBTCD-25NOV0911-T103999.99,2025-11-09T15:56:22.37087Z,0.05,1,no,84295884-a6d9-4044-c3a1-366bfe5a5f9f
KXBTCD-25NOV0911-T103999.99,2025-11-09T15:56:20.972609Z,0.05,1,no,7e836d6c-e1a1-4a3b-0b37-71d59dd699c0
KXBTCD-25NOV0911-T103999.99,2025-11-09T15:56:20.113271Z,0.06,1,no,e955bb92-0652-54a7-3ab7-c76dc785398f
KXBTCD-25NOV0911-T103999.99,2025-11-09T15:56:19.159976Z,0.05,1,no,b1ff472a-cabd-742b-4d53-c261dbe34649
KXBTCD-25NOV0911-T103999.99,2025-11-09T15:56:17.193097Z,0.05,10,no,b5f5670b-8b29-7571-0021-1ffe750a201d
KXBTCD-25NOV0911-T103999.99,2025-11-09T15:56:08.95284Z,0.06,1,no,1a473975-b6b4-4eff-9137-d86514423a14
KXBTCD-25NOV0911-T103999.99,2025-11-09T15:56:08.917385Z,0.07,1,no,47082efa-5303-4265-5111-38291886ed2c
KXBTCD-25NOV0911-T103999.99,2025-11-09T15:56:08.457843Z,0.09,50,yes,ea7e01f0-7843-6b05-8ca9-8e07358efe02
KXBTCD-25NOV0911-T103999.99,2025-11-09T15:56:07.886569Z,0.08,1,no,23b71d29-cf6c-52f2-83e2-5d443e9c6e79
KXBTCD-25NOV0911-T103999.99,2025-11-09T15:56:04.737466Z,0.09,1,no,cf65e7c3-1cb1-51ab-4c4d-c64a9e19fe4c
KXBTCD-25NOV0911-T103999.99,2025-11-09T15:56:04.737466Z,0.09,1,no,8f91abcf-c5ca-50e2-60c9-a365401575fa
KXBTCD-25NOV0911-T103999.99,2025-11-09T15:56:02.702778Z,0.11,1,no,81b43f0b-bc74-55d7-2898-201f5a561c02
KXBTCD-25NOV0911-T103999.99,2025-11-09T15:56:00.658117Z,0.12,1,no,10159196-d119-5905-4bd3-3beccfbe6787
KXBTCD-25NOV0911-T103999.99,2025-11-09T15:55:54.706178Z,0.13,370,no,090ef293-be3f-417c-c621-c01151020d89
KXBTCD-25NOV0911-T103999.99,2025-11-09T15:55:54.706178Z,0.14,10,no,06a18fcc-b210-4f5f-f405-9c3a4da02981
KXBTCD-25NOV0911-T103999.99,2025-11-09T15:55:52.906216Z,0.17,1000,yes,46bb1e7d-a101-7d32-3fef-6e0cb16c2dd6
KXBTCD-25NOV0911-T103999.99,2025-11-09T15:55:49.788673Z,0.18,47,yes,e3240118-09cc-56a7-ebcc-0bb65fc67e87
KXBTCD-25NOV0911-T103999.99,2025-11-09T15:55:49.788673Z,0.15,6,yes,16551293-9730-5916-ee8b-a04024920375
KXBTCD-25NOV0911-T103999.99,2025-11-09T15:55:48.157787Z,0.13,1,no,1b365bb3-c073-511a-919e-a2ef889a0bf6
KXBTCD-25NOV0911-T103999.99,2025-11-09T15:55:48.086849Z,0.14,1,no,c10b880d-73ce-5224-e838-6ab6b7f2f736
KXBTCD-25NOV0911-T103999.99,2025-11-09T15:55:47.152631Z,0.17,1,no,7a496bbc-818f-6b5a-1702-094275306ecc
KXBTCD-25NOV0911-T103999.99,2025-11-09T15:55:44.999057Z,0.13,99,yes,a1db8d5f-00fb-70e8-29b4-7784720bfbfb
KXBTCD-25NOV0911-T103999.99,2025-11-09T15:55:43.892372Z,0.17,1,no,b4a055a8-33c5-6cf9-83b5-a8b689e887c7
KXBTCD-25NOV0911-T103999.99,2025-11-09T15:55:43.892372Z,0.17,1,no,4773fedb-61f0-6961-b504-5b339ab5f169
KXBTCD-25NOV0911-T103999.99,2025-11-09T15:55:40.620747Z,0.13,5,yes,fb5305be-0ef3-7dd0-844f-8508a036bf38
KXBTCD-25NOV0911-T103999.99,2025-11-09T15:55:40.20876Z,0.14,1,no,aa0acb1f-e46d-4967-d18c-15503ef9f0a0
KXBTCD-25NOV0911-T103999.99,2025-11-09T15:55:38.87699Z,0.15,1,no,ddffd8ae-9810-4581-d8a4-4eba2b02bc08
KXBTCD-25NOV0911-T103999.99,2025-11-09T15:55:36.65103Z,0.13,1,no,a1375890-2d4f-47e4-0832-09cdb6f164d2
KXBTCD-25NOV0911-T103999.99,2025-11-09T15:55:34.375072Z,0.13,1,no,0b0d5241-1f55-649e-f85f-5355594a623d
KXBTCD-25NOV0911-T103999.99,2025-11-09T15:55:34.117012Z,0.17,1,no,dd34d517-0f84-7d76-34c5-b9372b3b2a7b
KXBTCD-25NOV0911-T103999.99,2025-11-09T15:55:22.579361Z,0.13,1,no,566772f3-ba54-67da-ee66-db8f11940d73
KXBTCD-25NOV0911-T103999.99,2025-11-09T15:55:21.196825Z,0.09,1,no,83221fd7-ba46-5359-32f1-63e14598acb3
KXBTCD-25NOV0911-T103999.99,2025-11-09T15:55:17.266356Z,0.18,1,no,58f29df6-cb83-707d-dca7-de8ed9f0fe01
KXBTCD-25NOV0911-T103999.99,2025-11-09T15:55:16.045077Z,0.1,1,no,4cb97182-bbfb-7af4-0a7a-34e1c324ffaa
KXBTCD-25NOV0911-T103999.99,2025-11-09T15:55:14.205968Z,0.09,1,no,528ebedc-0d5b-7ab5-318a-1af6ef43374a
KXBTCD-25NOV0911-T103999.99,2025-11-09T15:55:13.110933Z,0.12,1,no,a66bceb1-4acc-7c51-f281-94f65f550d93
KXBTCD-25NOV0911-T103999.99,2025-11-09T15:55:12.100825Z,0.04,14,yes,bca4ff08-0543-615c-730f-b0ef0d0b29de
KXBTCD-25NOV0911-T103999.99,2025-11-09T15:55:12.100825Z,0.04,11,yes,a69426be-34c0-6714-6cde-372da430e66b
KXBTCD-25NOV0911-T103999.99,2025-11-09T15:55:12.100825Z,0.04,11,yes,a0c73ca0-e686-697e-7499-5de0db717f09
KXBTCD-25NOV0911-T103999.99,2025-11-09T15:55:04.205906Z,0.04,10,no,0499abca-0ccb-6f28-5ad2-d18a72d522e4
KXBTCD-25NOV0911-T103999.99,2025-11-09T15:55:03.116573Z,0.17,1,no,71c14c31-6b0c-7b67-60d0-0cb772f6b594
KXBTCD-25NOV0911-T103999.99,2025-11-09T15:55:00.54099Z,0.18,1,no,e1418774-e2e5-7f0a-425b-dcd127bf790b
KXBTCD-25NOV0911-T103999.99,2025-11-09T15:55:00.54099Z,0.05,16,no,a03f9e1a-b5b4-7152-42d8-fdb2b4cc9c49
KXBTCD-25NOV0911-T103999.99,2025-11-09T15:54:58.123449Z,0.18,1,no,ea3492fd-5db9-4bdc-a4d5-784bfbe59168
KXBTCD-25NOV0911-T103999.99,2025-11-09T15:54:53.699853Z,0.15,1,no,9865dbaf-6caf-5daa-c561-39d088923bc8
KXBTCD-25NOV0911-T103999.99,2025-11-09T15:54:52.476004Z,0.19,1,no,57497633-eb84-44ec-da84-d4b0c06fe004
KXBTCD-25NOV0911-T103999.99,2025-11-09T15:54:48.529754Z,0.15,1,no,8cfd7e1e-4dc5-6f71-e542-056efd595e30
KXBTCD-25NOV0911-T103999.99,2025-11-09T15:54:40.150879Z,0.09,7,yes,86f7b43e-6d9e-797b-a528-0dce56364300
KXBTCD-25NOV0911-T103999.99,2025-11-09T15:54:37.945821Z,0.1,1,no,920f1a15-92dd-50b0-69c6-0263c259ca4d
KXBTCD-25NOV0911-T103999.99,2025-11-09T15:54:37.744707Z,0.11,10,yes,293a5890-e6de-45ef-58d2-5b1537f1866e
KXBTCD-25NOV0911-T103999.99,2025-11-09T15:54:37.322993Z,0.13,1,no,b75b3dee-9f4b-773c-12f7-3c7ceaf87224
KXBTCD-25NOV0911-T103999.99,2025-11-09T15:54:34.670864Z,0.14,1,no,ec66f4ce-8fc6-6516-e5b5-221e1b12b5eb
KXBTCD-25NOV0911-T103999.99,2025-11-09T15:54:33.788874Z,0.12,1,no,cf27d1a2-1f22-5a92-24e1-db49fb9a0dbb
KXBTCD-25NOV0911-T103999.99,2025-11-09T15:54:33.788874Z,0.12,1,no,9cfcfe20-0a35-52f0-24ff-91ec1e6cb046
KXBTCD-25NOV0911-T103999.99,2025-11-09T15:54:29.615411Z,0.2,1,no,57b5cbe8-02b6-772f-cbb6-2e8c965c85c4
KXBTCD-25NOV0911-T103999.99,2025-11-09T15:54:28.395239Z,0.21,1,no,e4b5a5de-a10e-5205-dfcf-94517ca53db7
KXBTCD-25NOV0911-T103999.99,2025-11-09T15:54:26.038146Z,0.22,1,no,b9732716-3e67-7631-ffc9-c67752257565
KXBTCD-25NOV0911-T103999.99,2025-11-09T15:54:25.387038Z,0.26,2,no,bae802e5-988f-7946-269b-09dd7b58d9a6
KXBTCD-25NOV0911-T103999.99,2025-11-09T15:54:22.339479Z,0.25,2,no,acf76faf-f884-778a-7fd6-84428e472cc0
KXBTCD-25NOV0911-T103999.99,2025-11-09T15:54:21.419309Z,0.18,1,no,337f9d0e-83b0-6518-ea39-50e32d8ed65a
KXBTCD-25NOV0911-T103999.99,2025-11-09T15:54:18.347438Z,0.18,1,no,fe708dd1-9a6a-7cea-c870-777bf9469298
KXBTCD-25NOV0911-T103999.99,2025-11-09T15:54:15.803501Z,0.19,5,yes,9179e6b1-6671-72ba-0939-2ab51631a88f
KXBTCD-25NOV0911-T103999.99,2025-11-09T15:54:14.96983Z,0.2,6,yes,b708548f-6e88-51fe-af23-7abf30f1bf69
KXBTCD-25NOV0911-T103999.99,2025-11-09T15:54:12.31295Z,0.23,2,no,d7d54527-2e20-62bc-7863-40d60be1e616
KXBTCD-25NOV0911-T103999.99,2025-11-09T15:54:11.369404Z,0.27,56,yes,0e810e9c-0a7a-5092-b9a9-6550ed139e4e
KXBTCD-25NOV0911-T103999.99,2025-11-09T15:54:05.269465Z,0.35,2,yes,e0314625-6296-6e8b-5c95-79dec6fd69c8
KXBTCD-25NOV0911-T103999.99,2025-11-09T15:54:05.269465Z,0.37,4,yes,d5c028f7-bc80-67b3-4706-2c1ca5303f58
KXBTCD-25NOV0911-T103999.99,2025-11-09T15:54:05.269465Z,0.36,2,yes,9ed4285c-8107-69a0-5701-ab61e004b68b
KXBTCD-25NOV0911-T103999.99,2025-11-09T15:54:03.997276Z,0.31,40,yes,a6495eb7-22f6-777b-9e59-26f4371c5ff3
KXBTCD-25NOV0911-T103999.99,2025-11-09T15:54:03.230746Z,0.34,3,no,50152ef0-1dc8-4dca-8211-8bc5c1c08080
KXBTCD-25NOV0911-T103999.99,2025-11-09T15:54:02.697831Z,0.38,40,no,b818487d-5b5f-4d52-5c91-f0ac629e6004
KXBTCD-25NOV0911-T103999.99,2025-11-09T15:54:02.231713Z,0.38,14,no,b29dd6f6-5a37-74ae-88a2-9dc2d5d1bff0
KXBTCD-25NOV0911-T103999.99,2025-11-09T15:53:58.13408Z,0.32,3,yes,26af0ead-1952-43ab-6b3c-1a5d6efefe2f
KXBTCD-25NOV0911-T103999.99,2025-11-09T15:53:53.080679Z,0.41,2,yes,925f441b-d0b9-569f-8f06-0bd7a6c33917
KXBTCD-25NOV0911-T103999.99,2025-11-09T15:53:51.789124Z,0.43,2,yes,eaf64636-6f12-4203-6e6a-2624d14d020b
KXBTCD-25NOV0911-T103999.99,2025-11-09T15:53:50.691219Z,0.55,3,yes,94841905-da04-42e9-2384-a5da2223566a
KXBTCD-25NOV0911-T103999.99,2025-11-09T15:53:50.691219Z,0.53,3,yes,2704fe48-82c2-4d8a-2216-8e37dd4075d5
KXBTCD-25NOV0911-T103999.99,2025-11-09T15:53:45.951132Z,0.67,3,yes,fda53e50-df3a-53b6-ec24-5cf688312bf8
KXBTCD-25NOV0911-T103999.99,2025-11-09T15:53:44.072799Z,0.71,1,no,c4e28f15-f919-4132-c1bc-3e598b98f703
KXBTCD-25NOV0911-T103999.99,2025-11-09T15:53:41.628947Z,0.47,2,yes,a53622ce-2078-63fe-bb1f-f83dafe6cb49
KXBTCD-25NOV0911-T103999.99,2025-11-09T15:53:41.628947Z,0.48,2,yes,3f18c486-bf2f-665c-99d7-9e4ac65fd812
KXBTCD-25NOV0911-T103999.99,2025-11-09T15:53:40.394141Z,0.48,250,no,b338d187-a92c-4215-a4d4-6b98921193ec
KXBTCD-25NOV0911-T103999.99,2025-11-09T15:53:32.386812Z,0.56,35,no,e49ecfac-9a78-741e-8679-7ab4b8252a9b
KXBTCD-25NOV0911-T103999.99,2025-11-09T15:53:09.148948Z,0.55,3,yes,5eeb44f7-5f44-68b3-83ea-b7fcb635b2fb
KXBTCD-25NOV0911-T103999.99,2025-11-09T15:53:09.148948Z,0.55,3,yes,33359980-842a-6574-abe7-1ee8ce26346b
KXBTCD-25NOV0911-T103999.99,2025-11-09T15:52:57.87253Z,0.33,10,yes,3bc84921-4835-7117-9109-9c90c86b4867
KXBTCD-25NOV0911-T103999.99,2025-11-09T15:52:57.813877Z,0.33,40,no,e6f4f147-2936-4443-9ea3-f770659ffda0
KXBTCD-25NOV0911-T103999.99,2025-11-09T15:52:54.134943Z,0.33,3,yes,beaa0d94-86d0-5714-4f8c-291b87ca046a
KXBTCD-25NOV0911-T103999.99,2025-11-09T15:52:52.544857Z,0.34,3,yes,d4b1b11d-631b-7e38-90cf-e847be4079a5
KXBTCD-25NOV0911-T103999.99,2025-11-09T15:52:52.544857Z,0.36,23,yes,7f058f93-8ed3-79a7-9b0d-fd929b2acad1
KXBTCD-25NOV0911-T103999.99,2025-11-09T15:52:40.145699Z,0.42,2,yes,317eee23-8d2c-6b21-771b-211b8d436f99
KXBTCD-25NOV0911-T103999.99,2025-11-09T15:52:39.932593Z,0.36,1,no,425c34c8-f432-4c2c-96d4-12f23d75df72
KXBTCD-25NOV0911-T103999.99,2025-11-09T15:52:37.791443Z,0.41,3,no,7fa808fb-b792-53fb-f53c-d30559e214c7
KXBTCD-25NOV0911-T103999.99,2025-11-09T15:52:23.277899Z,0.5,50,yes,9a14ec3f-10eb-6e30-28f3-7333133e758c
KXBTCD-25NOV0911-T103999.99,2025-11-09T15:52:23.277899Z,0.49,196,yes,2ed2ded2-c028-6c46-0c33-8130fb226bc8
KXBTCD-25NOV0911-T103999.99,2025-11-09T15:52:23.165217Z,0.39,2,yes,c6f64678-9ba1-4f5c-7cb3-49eb7bed3ff2
KXBTCD-25NOV0911-T103999.99,2025-11-09T15:52:22.119458Z,0.24,3,yes,34c80494-79ae-7de0-0e60-79516c26d7da
KXBTCD-25NOV0911-T103999.99,2025-11-09T15:52:21.128337Z,0.22,4,yes,e9abba3c-3749-5c84-1fa9-648cc7d9bf75
KXBTCD-25NOV0911-T103999.99,2025-11-09T15:52:21.128337Z,0.22,4,yes,9a96e1b2-d0bb-540b-3b0b-a8b4f793bcd5
KXBTCD-25NOV0911-T103999.99,2025-11-09T15:52:17.988973Z,0.2,30,no,ea367827-59e7-5de5-4b84-9b3a1b3b5b29
KXBTCD-25NOV0911-T103999.99,2025-11-09T15:52:13.196678Z,0.24,3,yes,caa7be2b-6114-6bc1-b9f3-8f9720eacb2b
KXBTCD-25NOV0911-T103999.99,2025-11-09T15:52:13.196678Z,0.25,53,yes,85e2bf4a-e999-6751-bb06-4e7ea4965e4d
KXBTCD-25NOV0911-T103999.99,2025-11-09T15:52:13.196678Z,0.24,40,yes,7812eb37-0a20-690b-a270-a0f77b9a8fde
KXBTCD-25NOV0911-T103999.99,2025-11-09T15:52:10.21044Z,0.27,17,yes,030e04c2-9307-7000-9803-16572df7099a
KXBTCD-25NOV0911-T103999.99,2025-11-09T15:52:05.396267Z,0.21,4,yes,5f3b3832-eb4b-4452-2bac-9b29c4c8fdb5
KXBTCD-25NOV0911-T103999.99,2025-11-09T15:52:05.396267Z,0.2,4,yes,1bbf7016-9a8c-4763-0107-ced6e4a0f7f4
KXBTCD-25NOV0911-T103999.99,2025-11-09T15:51:49.990707Z,0.21,4,yes,7f23a5b6-552c-5285-653f-833a0157205c
KXBTCD-25NOV0911-T103999.99,2025-11-09T15:51:49.990707Z,0.21,1,yes,5e9b6113-a6d9-53de-57eb-3559506d0680
KXBTCD-25NOV0911-T103999.99,2025-11-09T15:51:42.553612Z,0.21,4,yes,76912b19-b7b0-466c-e77d-657cb84b4c4e
KXBTCD-25NOV0911-T103999.99,2025-11-09T15:51:38.235164Z,0.29,100,no,829a6ea5-ed69-5239-bcb0-f5c0498617f0
KXBTCD-25NOV0911-T103999.99,2025-11-09T15:51:34.909898Z,0.35,40,yes,928ccb95-bca1-7b41-998d-63356ff25078
KXBTCD-25NOV0911-T103999.99,2025-11-09T15:51:34.909898Z,0.36,221,yes,84a643f4-cc6f-7058-a1ca-0595dc8b1e84
KXBTCD-25NOV0911-T103999.99,2025-11-09T15:51:34.909898Z,0.31,3,yes,5fe9b51c-a0e5-79e5-998d-431290fb4e90
KXBTCD-25NOV0911-T103999.99,2025-11-09T15:51:34.909898Z,0.31,3,yes,22f76235-2f2a-770d-98ca-169fd0f3154e
KXBTCD-25NOV0911-T103999.99,2025-11-09T15:51:33.140192Z,0.29,3,yes,b4fad929-4382-7897-5904-3b5bcbd849fa
KXBTCD-25NOV0911-T103999.99,2025-11-09T15:51:33.140192Z,0.3,110,yes,670cbbef-cdf7-7417-6eb1-0d5cbb758f0a
KXBTCD-25NOV0911-T103999.99,2025-11-09T15:51:32.832969Z,0.28,3,yes,529937b7-cb13-6dc3-07b9-3128a738eb07
KXBTCD-25NOV0911-T103999.99,2025-11-09T15:51:32.498405Z,0.26,3,yes,36d41e20-712f-4cdb-a4c6-b739e506a184
KXBTCD-25NOV0911-T103999.99,2025-11-09T15:51:32.317748Z,0.25,50,no,5bbc069a-c557-5c3a-488f-d40d3c143d32
KXBTCD-25NOV0911-T103999.99,2025-11-09T15:51:25.389069Z,0.3,40,yes,46a5ab17-e6ff-594b-cfc3-9ab6d73cd61a
KXBTCD-25NOV0911-T103999.99,2025-11-09T15:51:23.783956Z,0.29,3,yes,a9b3f5fe-f12f-5b3e-37f2-94d1e7c57471
KXBTCD-25NOV0911-T103999.99,2025-11-09T15:51:19.255635Z,0.27,3,yes,9d8f2721-a30c-560f-11a0-078959c4b728
KXBTCD-25NOV0911-T103999.99,2025-11-09T15:51:19.255635Z,0.27,3,yes,7d987a0e-358e-551a-3ec9-8bdb1b538aab
KXBTCD-25NOV0911-T103999.99,2025-11-09T15:51:14.092745Z,0.26,3,yes,4909d412-aad3-559c-00ee-065dfd3a61b3
KXBTCD-25NOV0911-T103999.99,2025-11-09T15:51:13.902659Z,0.26,200,yes,ba41a7d8-4e04-7290-1929-cea15567da76
KXBTCD-25NOV0911-T103999.99,2025-11-09T15:51:13.902659Z,0.24,3,yes,3262b895-42a4-78f0-1a12-78f127c1f361
KXBTCD-25NOV0911-T103999.99,2025-11-09T15:51:13.902659Z,0.24,3,yes,1ed0fa29-66f4-7093-1328-409c3009dad4
KXBTCD-25NOV0911-T103999.99,2025-11-09T15:50:55.659351Z,0.25,3,yes,9f79b2db-5597-6630-a22b-7d6ee48b8d9f
KXBTCD-25NOV0911-T103999.99,2025-11-09T15:50:55.659351Z,0.25,3,yes,93daeb80-2dce-6b02-b10f-c4230bda2fd4
KXBTCD-25NOV0911-T103999.99,2025-11-09T15:50:49.617785Z,0.24,3,yes,12f5cef2-7676-7d36-3665-e547dd97eb8f
KXBTCD-25NOV0911-T103999.99,2025-11-09T15:50:49.58092Z,0.23,4,yes,b8e30948-e4af-5d8d-9519-5519d7ca93ca
KXBTCD-25NOV0911-T103999.99,2025-11-09T15:50:49.58092Z,0.23,4,yes,18a0b8be-20de-516a-9389-64545951c157
KXBTCD-25NOV0911-T103999.99,2025-11-09T15:50:44.282349Z,0.22,4,yes,23ddce47-903d-64c1-1d2b-2d1524ec8ef8
KXBTCD-25NOV0911-T103999.99,2025-11-09T15:50:42.346774Z,0.21,4,yes,5d2fde8c-65e5-42bf-3ac7-6ab7f5632143
KXBTCD-25NOV0911-T103999.99,2025-11-09T15:50:40.569849Z,0.26,8,yes,8fce9442-5070-625d-3c56-29a8328880f4
KXBTCD-25NOV0911-T103999.99,2025-11-09T15:50:40.569849Z,0.25,40,yes,21e6bff9-37c2-6a76-0381-640ed3a6bcad
KXBTCD-25NOV0911-T103999.99,2025-11-09T15:50:40.569849Z,0.25,45,yes,0ad8e2e8-553f-6b3d-21dd-a7726e23b742
KXBTCD-25NOV0911-T103999.99,2025-11-09T15:50:40.530101Z,0.25,5,yes,9ae97a30-f113-5385-bee9-2cf1269bd126
KXBTCD-25NOV0911-T103999.99,2025-11-09T15:50:26.940003Z,0.2,4,yes,04e6f6a2-3caf-4e56-1163-88d57eddcc8c
KXBTCD-25NOV0911-T103999.99,2025-11-09T15:49:48.165195Z,0.12,200,yes,6c8cd796-b05d-4f38-cdf2-ef99b37c78ea
KXBTCD-25NOV0911-T103999.99,2025-11-09T15:49:48.165195Z,0.14,471,yes,5285d8c5-c9f4-483e-e207-5a3d92674f71
KXBTCD-25NOV0911-T103999.99,2025-11-09T15:49:24.707522Z,0.16,110,yes,d43ce2ef-6e4a-7ba9-f08a-3ce2696f672c
KXBTCD-25NOV0911-T103999.99,2025-11-09T15:49:24.707522Z,0.16,4,yes,d089a40a-a2a5-715c-f4a2-c7b417dddfee
KXBTCD-25NOV0911-T103999.99,2025-11-09T15:49:24.707522Z,0.16,4,yes,c2336c17-4a24-7abc-e1ba-5ced318f5e80
KXBTCD-25NOV0911-T103999.99,2025-11-09T15:49:05.631785Z,0.18,4,yes,5a661a1a-2ab1-7f4d-b80a-58d66e11f3ad
KXBTCD-25NOV0911-T103999.99,2025-11-09T15:49:03.781338Z,0.15,4,yes,3eb354a6-6752-433d-1110-b41ca6ca5724
KXBTCD-25NOV0911-T103999.99,2025-11-09T15:49:03.686043Z,0.13,5,yes,b87a0972-ee8e-77c7-600b-1a063f4bc120
KXBTCD-25NOV0911-T103999.99,2025-11-09T15:48:54.033884Z,0.1,50,yes,ce111276-a9ee-4645-a876-4ac16e7573c3
KXBTCD-25NOV0911-T103999.99,2025-11-09T15:48:18.595591Z,0.1,1,no,dca0180c-4dad-550c-2fa1-1507878b8627
KXBTCD-25NOV0911-T103999.99,2025-11-09T15:48:18.595591Z,0.11,40,no,bfe40caf-6123-53e0-091a-4ed2fa47e56b
KXBTCD-25NOV0911-T103999.99,2025-11-09T15:48:17.892015Z,0.15,8,yes,7f3b16ec-a8a3-7980-b926-f339b50b55f1
KXBTCD-25NOV0911-T103999.99,2025-11-09T15:48:17.892015Z,0.13,5,yes,75fc4493-c5fd-74be-9da4-f70f97065ed3
KXBTCD-25NOV0911-T103999.99,2025-11-09T15:48:12.379878Z,0.09,109,no,e01e0428-cff2-61fe-02af-a684e860f10c
KXBTCD-25NOV0911-T103999.99,2025-11-09T15:48:08.3051Z,0.12,5,yes,68e3678e-7fb3-7135-8399-cbf3f040449e
KXBTCD-25NOV0911-T103999.99,2025-11-09T15:47:04.1193Z,0.12,5,no,aeefb09d-fd37-70d7-5c8c-6cc728016fbf
KXBTCD-25NOV0911-T103999.99,2025-11-09T15:46:51.579523Z,0.13,80,no,35db3f5a-6c7a-4906-ba61-a05c91d03633
KXBTCD-25NOV0911-T103999.99,2025-11-09T15:46:37.490561Z,0.15,1,no,49f25386-ebba-41e3-b942-30da0edf9f93
KXBTCD-25NOV0911-T103999.99,2025-11-09T15:46:34.758064Z,0.16,1,no,f324868e-9eea-63b6-534a-7ddb6352cb15
KXBTCD-25NOV0911-T103999.99,2025-11-09T15:46:34.018436Z,0.16,2,yes,f4aef449-71e2-5a67-c90f-a7281b098310
KXBTCD-25NOV0911-T103999.99,2025-11-09T15:46:34.018436Z,0.16,4,yes,7a46b542-8048-5241-c08d-bfba707057a8
KXBTCD-25NOV0911-T103999.99,2025-11-09T15:46:32.863325Z,0.16,2,yes,0ffaf404-3f6e-6e17-422c-f41e9135d240
KXBTCD-25NOV0911-T103999.99,2025-11-09T15:46:27.576372Z,0.16,3,no,99004b91-f55d-7242-197d-5396756dae14
KXBTCD-25NOV0911-T103999.99,2025-11-09T15:46:22.124739Z,0.17,4,yes,d5336116-900a-7d1f-4ba2-d8d9cae97c60
KXBTCD-25NOV0911-T103999.99,2025-11-09T15:46:16.136768Z,0.2,4,yes,a7c99624-043f-6804-41ae-44d2f338bcc0
KXBTCD-25NOV0911-T103999.99,2025-11-09T15:46:14.674572Z,0.19,4,yes,d2e41cde-9cc8-7a5f-3930-361593d1a72e
KXBTCD-25NOV0911-T103999.99,2025-11-09T15:46:07.349014Z,0.18,4,yes,ac03447d-6fe7-6417-2f76-8fc046f795d5
KXBTCD-25NOV0911-T103999.99,2025-11-09T15:46:07.349014Z,0.18,4,yes,175f7ee7-f9d9-6254-0b61-5e6a66f26b7a
KXBTCD-25NOV0911-T103999.99,2025-11-09T15:46:06.314439Z,0.17,4,yes,b21a0947-fdfa-770d-2e49-d02448ebc09f
KXBTCD-25NOV0911-T103999.99,2025-11-09T15:46:03.598429Z,0.16,117,no,f7773778-c65a-7715-3e2a-1fa5bb84b965
KXBTCD-25NOV0911-T103999.99,2025-11-09T15:45:57.96591Z,0.15,23,no,4ac486b5-3d1d-6d53-fa91-20e618added8
KXBTCD-25NOV0911-T103999.99,2025-11-09T15:45:46.838902Z,0.2,4,yes,e9dee389-296a-4b9b-6f14-8e845db9a62e
KXBTCD-25NOV0911-T103999.99,2025-11-09T15:45:46.838902Z,0.25,382,yes,c56a1a13-340e-4938-5d41-72c8d825bd2d
KXBTCD-25NOV0911-T103999.99,2025-11-09T15:45:46.838902Z,0.24,500,yes,95880e96-65fd-4058-48a5-819dd6a891f0
KXBTCD-25NOV0911-T103999.99,2025-11-09T15:45:46.838902Z,0.21,40,yes,804f2489-fe7b-4090-518e-e7fe82f96c5b
KXBTCD-25NOV0911-T103999.99,2025-11-09T15:45:46.838902Z,0.22,500,yes,6de9a388-e5f6-4652-6439-291ba7ed8c02
KXBTCD-25NOV0911-T103999.99,2025-11-09T15:45:46.838902Z,0.22,200,yes,67ae10cd-0261-497c-7f40-9370a8472c2d
KXBTCD-25NOV0911-T103999.99,2025-11-09T15:45:46.838902Z,0.2,4,yes,413e3637-5622-460b-720f-8b64b20e3546
KXBTCD-25NOV0911-T103999.99,2025-11-09T15:45:44.224617Z,0.19,4,yes,7d8f69af-9c91-7027-6667-55d3bb0ae6a1
KXBTCD-25NOV0911-T103999.99,2025-11-09T15:45:42.208682Z,0.22,4,yes,ccf73c07-5115-47b9-47fa-49674a8f34bd
KXBTCD-25NOV0911-T103999.99,2025-11-09T15:45:42.208682Z,0.22,4,yes,10a4f884-0a42-4836-5321-aa5eb2a5e8fa
KXBTCD-25NOV0911-T103999.99,2025-11-09T15:45:39.93807Z,0.22,1,yes,32482575-b01b-651d-d503-31dd89cafe0b
KXBTCD-25NOV0911-T103999.99,2025-11-09T15:45:20.822343Z,0.25,3,yes,c32b1a8b-a187-6972-5e64-2b085cde64c1
KXBTCD-25NOV0911-T103999.99,2025-11-09T15:45:20.822343Z,0.25,3,yes,7ee909c4-1a91-6a76-6abe-25b5bf143b60
KXBTCD-25NOV0911-T103999.99,2025-11-09T15:45:11.681319Z,0.25,3,yes,8b27a61e-932c-5761-61ee-bec976c4b6eb
KXBTCD-25NOV0911-T103999.99,2025-11-09T15:45:11.681319Z,0.25,3,yes,3655e592-e266-5d01-5456-84e51b47fd67
KXBTCD-25NOV0911-T103999.99,2025-11-09T15:45:09.296094Z,0.25,3,yes,a4610919-f6e6-53d7-89b2-4b89be5888fe
KXBTCD-25NOV0911-T103999.99,2025-11-09T15:45:09.296094Z,0.25,3,yes,9d0796e3-15c4-567a-8f85-7bb83544452c
KXBTCD-25NOV0911-T103999.99,2025-11-09T15:45:04.938707Z,0.22,4,yes,b48f9599-b9f4-4938-0565-c638b99fd321
KXBTCD-25NOV0911-T103999.99,2025-11-09T15:45:04.938707Z,0.22,4,yes,7932a22e-0e9a-4343-3072-4b8fa7baa00f
KXBTCD-25NOV0911-T103999.99,2025-11-09T15:44:57.708173Z,0.22,4,yes,13103a18-7987-6676-4ba2-b2ad60feba15
KXBTCD-25NOV0911-T103999.99,2025-11-09T15:44:55.044474Z,0.21,4,yes,a76342c9-60f4-4019-92a1-8dd7f9947cd1
KXBTCD-25NOV0911-T103999.99,2025-11-09T15:44:50.761776Z,0.21,4,yes,66aee24e-894c-4218-92c4-79bcd7394942
KXBTCD-25NOV0911-T103999.99,2025-11-09T15:44:50.761776Z,0.23,17,yes,4b9139d7-0e4b-44ab-be98-3d8772f390ac
KXBTCD-25NOV0911-T103999.99,2025-11-09T15:44:50.761776Z,0.21,4,yes,12862dff-5eaa-4948-aaf0-1beca7800795
KXBTCD-25NOV0911-T103999.99,2025-11-09T15:44:47.951676Z,0.22,50,yes,1e6356c1-63c8-56ab-7105-33efd809916f
KXBTCD-25NOV0911-T103999.99,2025-11-09T15:44:26.453556Z,0.23,4,yes,52e2b8e0-6dea-440a-d3df-817ec76db986
KXBTCD-25NOV0911-T103999.99,2025-11-09T15:44:26.453556Z,0.23,37,yes,334c4e95-8290-42f8-e548-60938e63e05b
KXBTCD-25NOV0911-T103999.99,2025-11-09T15:44:18.711905Z,0.25,3,yes,f3f1a55a-715c-4e95-8e04-998b6dc08aa2
KXBTCD-25NOV0911-T103999.99,2025-11-09T15:44:18.711905Z,0.25,152,yes,71d24a13-425c-4516-afa5-c2f5fbbc19b0
KXBTCD-25NOV0911-T103999.99,2025-11-09T15:44:17.605437Z,0.25,97,yes,dae1b13f-27f9-4531-c7de-80c52dd3d94f
KXBTCD-25NOV0911-T103999.99,2025-11-09T15:44:17.605437Z,0.25,3,yes,55a2f06a-8892-4092-d69c-cd0dcd56d32a
KXBTCD-25NOV0911-T103999.99,2025-11-09T15:44:12.404023Z,0.25,28,no,8c4483db-6bbe-67ac-f557-204344fc4c68
KXBTCD-25NOV0911-T103999.99,2025-11-09T15:43:47.27825Z,0.28,5,no,ea658941-eb33-6624-7a8e-aaf152c278ca
KXBTCD-25NOV0911-T103999.99,2025-11-09T15:43:42.912384Z,0.32,3,yes,61c72b27-d0c7-74d8-e7b3-4bd21cd786a9
KXBTCD-25NOV0911-T103999.99,2025-11-09T15:43:42.912384Z,0.33,23,yes,570809b1-a30c-7a4d-d534-ae1408c6e175
KXBTCD-25NOV0911-T103999.99,2025-11-09T15:43:42.912384Z,0.33,3,yes,22af0fe2-05ab-7c0c-df5b-c0711ddb2a07
KXBTCD-25NOV0911-T103999.99,2025-11-09T15:43:24.715269Z,0.3,30,yes,84e57b80-2e52-6384-2106-62acfcf8c8bd
KXBTCD-25NOV0911-T103999.99,2025-11-09T15:43:05.315026Z,0.25,9,no,d757e3f5-1d3d-7bd3-84c8-fdb7a165f03c
KXBTCD-25NOV0911-T103999.99,2025-11-09T15:43:05.315026Z,0.26,2,no,558ac753-b96a-7f0b-9d76-76d968de942e
KXBTCD-25NOV0911-T103999.99,2025-11-09T15:43:05.315026Z,0.26,2,no,1c9dacdb-397b-76ee-8390-d634cddae3e7
KXBTCD-25NOV0911-T103999.99,2025-11-09T15:42:51.915978Z,0.28,2,no,7616ae5c-1e77-770f-eada-a1ec8b48991b
KXBTCD-25NOV0911-T103999.99,2025-11-09T15:42:51.915978Z,0.28,2,no,28166687-c96d-7491-c3c9-a0d7d569ab50
KXBTCD-25NOV0911-T103999.99,2025-11-09T15:40:29.697148Z,0.09,118,no,ff8ddfa9-3076-6175-ab35-8482dfb073c4
KXBTCD-25NOV0911-T103999.99,2025-11-09T15:40:29.697148Z,0.09,10,no,fd82c5c7-b505-6634-9046-b0396f28e550
KXBTCD-25NOV0911-T103999.99,2025-11-09T15:40:29.697148Z,0.12,1,no,edc22e32-b4aa-67a2-b99b-6bf4bd5ca6e1
KXBTCD-25NOV0911-T103999.99,2025-11-09T15:40:29.697148Z,0.1,1,no,c75643d5-b651-630c-8e48-f4e7c2693220
KXBTCD-25NOV0911-T103999.99,2025-11-09T15:40:29.697148Z,0.11,1,no,871f670c-8b5e-6c0b-b218-c9cb587659ca
KXBTCD-25NOV0911-T103999.99,2025-11-09T15:40:29.697148Z,0.11,1,no,326854f3-b382-6cae-84cf-a44a2c93a909
KXBTCD-25NOV0911-T103999.99,2025-11-09T15:40:29.697148Z,0.14,500,no,1d63c1e6-febc-6205-95b4-9617ccaec19e
KXBTCD-25NOV0911-T103999.99,2025-11-09T15:40:29.697148Z,0.13,500,no,06a7ea59-0a32-603c-87d4-bfd41f01cc24
KXBTCD-25NOV0911-T103999.99,2025-11-09T15:39:10.885965Z,0.16,4,yes,e4d38fe1-ad5c-4aa1-94d9-bf59d3e485b6
KXBTCD-25NOV0911-T103999.99,2025-11-09T15:39:10.885965Z,0.16,4,yes,69f8b55b-fa40-4d28-9f6c-0ea4d6e5f950
KXBTCD-25NOV0911-T103999.99,2025-11-09T15:38:46.505982Z,0.18,10,yes,5a62ce6d-037b-6d88-59aa-4387978d5677
KXBTCD-25NOV0911-T103999.99,2025-11-09T15:38:45.602235Z,0.19,4,yes,2f05b408-468d-4324-f74e-89fb023e5d55
KXBTCD-25NOV0911-T103999.99,2025-11-09T15:38:43.799628Z,0.18,4,yes,eaee89e8-4acd-45d7-da55-91420cd68f68
KXBTCD-25NOV0911-T103999.99,2025-11-09T15:38:43.799628Z,0.18,4,yes,ac559dd0-e021-4211-c422-13182b58716b
KXBTCD-25NOV0911-T103999.99,2025-11-09T15:38:43.799628Z,0.18,4,yes,31bb422d-c0db-47c8-cfea-1c4e0b381717
KXBTCD-25NOV0911-T103999.99,2025-11-09T15:38:06.594553Z,0.14,4,no,6a10bde5-81d3-446c-4004-a13229cc3aba
KXBTCD-25NOV0911-T103999.99,2025-11-09T15:38:04.149635Z,0.12,18,no,c48e6a33-4b45-5fd2-7b1b-05b044ca51b6
KXBTCD-25NOV0911-T103999.99,2025-11-09T15:38:04.149635Z,0.13,1,no,bedb9138-edfc-500f-50eb-0d6ca8fb2a01
KXBTCD-25NOV0911-T103999.99,2025-11-09T15:38:04.149635Z,0.13,1,no,b99e5ff7-f86f-5038-4dcd-d8ff8c124baa
KXBTCD-25NOV0911-T103999.99,2025-11-09T15:37:54.049272Z,0.15,2,yes,6857a1c9-85f0-4093-9331-1185986ed9d2
KXBTCD-25NOV0911-T103999.99,2025-11-09T15:37:34.037861Z,0.2,1,yes,33be7a6e-b276-6267-e742-e7d997373193
KXBTCD-25NOV0911-T103999.99,2025-11-09T15:37:23.32347Z,0.26,10,no,c4354f1b-bc3a-4ab9-35cf-73a9d3c0a4f3
KXBTCD-25NOV0911-T103999.99,2025-11-09T15:37:19.0251Z,0.27,3,yes,9a90a471-f46f-53e4-bb48-2f57ddbfa447
KXBTCD-25NOV0911-T103999.99,2025-11-09T15:37:19.0251Z,0.27,3,yes,0a1ea031-e95d-5034-b010-7faf2a1d9d1d
KXBTCD-25NOV0911-T103999.99,2025-11-09T15:37:15.325455Z,0.26,3,yes,678a589f-63f0-7ac1-08ae-a86e72d8d8c7
KXBTCD-25NOV0911-T103999.99,2025-11-09T15:37:13.109677Z,0.27,3,yes,e006b971-a917-6fd9-0fb1-40ee0acc68e0
KXBTCD-25NOV0911-T103999.99,2025-11-09T15:37:01.839451Z,0.23,1,no,221d2e22-885b-5318-33e5-2eed9da81eb9
KXBTCD-25NOV0911-T103999.99,2025-11-09T15:37:00.33538Z,0.23,4,yes,e28363e7-9512-5476-ebc3-7244c0939168
KXBTCD-25NOV0911-T103999.99,2025-11-09T15:37:00.33538Z,0.23,4,yes,3498795b-05e4-52d3-c9b4-cfbf2959bff4
KXBTCD-25NOV0911-T103999.99,2025-11-09T15:36:58.661901Z,0.22,4,yes,9b2ff7c3-3366-4ba6-664c-6c8cdddd254f
KXBTCD-25NOV0911-T103999.99,2025-11-09T15:36:58.661901Z,0.22,4,yes,189b2a2f-f71d-4a86-66c6-a49f91d1c93d
KXBTCD-25NOV0911-T103999.99,2025-11-09T15:36:56.279841Z,0.21,4,yes,9edbc262-3b2a-7305-d3ac-f4664c63921b
KXBTCD-25NOV0911-T103999.99,2025-11-09T15:36:56.279841Z,0.21,4,yes,46d16482-e2f8-716a-ebeb-7b0e33ceadb8
KXBTCD-25NOV0911-T103999.99,2025-11-09T15:36:53.903604Z,0.2,4,yes,e290c8c1-8fae-796d-4bb4-afc6c79e2bc6
KXBTCD-25NOV0911-T103999.99,2025-11-09T15:36:53.903604Z,0.2,4,yes,24584ce2-a0fc-7240-6481-d66ea9e68b73
KXBTCD-25NOV0911-T103999.99,2025-11-09T15:36:53.903604Z,0.2,1,yes,216fe754-a20d-7cfb-4482-095b9ef9f7ab
KXBTCD-25NOV0911-T103999.99,2025-11-09T15:36:45.537584Z,0.17,1,no,63db1368-8b20-6130-5b73-a949cef63184
KXBTCD-25NOV0911-T103999.99,2025-11-09T15:36:45.078802Z,0.17,4,yes,cbe6ee27-d963-4f56-5a34-2ac7d433464a
KXBTCD-25NOV0911-T103999.99,2025-11-09T15:36:45.078802Z,0.17,4,yes,74de148f-9c0c-4c0d-62ef-24973f4602a9
KXBTCD-25NOV0911-T103999.99,2025-11-09T15:36:40.583933Z,0.18,4,yes,7cbe7862-d178-55f2-59ce-de2d5c651dc9
KXBTCD-25NOV0911-T103999.99,2025-11-09T15:36:33.694706Z,0.17,4,yes,a79379c9-3f18-4c6a-3db2-1161a63a97a3
KXBTCD-25NOV0911-T103999.99,2025-11-09T15:36:26.435259Z,0.19,4,yes,0837d474-1663-5424-a9ed-238e933c8bde
KXBTCD-25NOV0911-T103999.99,2025-11-09T15:36:10.400634Z,0.27,45,yes,de667d76-e520-4c58-88fe-592b99a6fdbe
KXBTCD-25NOV0911-T103999.99,2025-11-09T15:36:10.400634Z,0.24,200,yes,dc08277c-b820-4680-97a7-dc93f1aab450
KXBTCD-25NOV0911-T103999.99,2025-11-09T15:36:10.400634Z,0.24,40,yes,ca68919e-24fe-4fd2-9362-fe9a0a89da32
KXBTCD-25NOV0911-T103999.99,2025-11-09T15:36:10.400634Z,0.25,480,yes,33c5ac4f-8eb8-4f8d-b67c-b5546ce46038
KXBTCD-25NOV0911-T103999.99,2025-11-09T15:35:52.051905Z,0.2,4,yes,3202ccf0-d002-6090-b41c-009e4c47806a
KXBTCD-25NOV0911-T103999.99,2025-11-09T15:35:43.265344Z,0.15,4,yes,7f1c7540-e857-5e22-ed46-2da1c994b2c8
KXBTCD-25NOV0911-T103999.99,2025-11-09T15:35:41.927929Z,0.15,4,yes,8d03e6b4-e3bc-51f2-2e36-15f68932a3e0
KXBTCD-25NOV0911-T103999.99,2025-11-09T15:35:41.927929Z,0.15,4,yes,74c67386-06e0-5363-1ec7-aab7cc81bf1f
KXBTCD-25NOV0911-T103999.99,2025-11-09T15:34:55.814549Z,0.13,92,yes,113b370c-a356-79ed-b140-b1e062426c56
KXBTCD-25NOV0911-T103999.99,2025-11-09T15:34:17.443566Z,0.12,5,yes,6fec6f61-dc4e-6ea9-82b5-a2a92036a169
KXBTCD-25NOV0911-T103999.99,2025-11-09T15:34:14.420427Z,0.14,5,yes,ffd118ce-25e4-74af-50ac-7452455f5ab0
KXBTCD-25NOV0911-T103999.99,2025-11-09T15:29:32.700359Z,0.08,23,yes,a013e2bd-cb1d-73a9-0d79-3e3c58a05e18
KXBTCD-25NOV0911-T103999.99,2025-11-09T15:27:55.076887Z,0.08,20,yes,6bee82de-76b9-6454-8d61-e163fde31b95
KXBTCD-25NOV0911-T103999.99,2025-11-09T15:27:17.380495Z,0.06,500,no,62f2313a-68d0-6b36-826c-e9c634107bfb
KXBTCD-25NOV0911-T103999.99,2025-11-09T15:27:17.380495Z,0.04,909,no,5c490fff-a21b-613b-88db-0d3104cf082f
KXBTCD-25NOV0911-T103999.99,2025-11-09T15:27:17.380495Z,0.07,289,no,1ae55139-f453-684b-ad9b-8e35313458f5
KXBTCD-25NOV0911-T103999.99,2025-11-09T15:27:17.380495Z,0.05,1250,no,1789da2a-ff97-6ffe-80c6-6c9ab656b76c
KXBTCD-25NOV0911-T103999.99,2025-11-09T15:27:17.380495Z,0.05,200,no,1781097e-0133-657e-9554-298a51518b45
KXBTCD-25NOV0911-T103999.99,2025-11-09T15:27:14.043526Z,0.07,211,no,a973f50f-5227-502f-0962-a0dfd5a14019
KXBTCD-25NOV0911-T103999.99,2025-11-09T15:26:47.960534Z,0.05,200,no,d9801602-08d2-554e-e14f-30322e4ecf7e
KXBTCD-25NOV0911-T103999.99,2025-11-09T15:26:47.960534Z,0.04,1,no,bee492fe-742c-5496-ec4f-165159accb65
KXBTCD-25NOV0911-T103999.99,2025-11-09T15:26:47.960534Z,0.05,60,no,9f5bffd0-fba0-511b-c30c-f6a18a81e5ce
KXBTCD-25NOV0911-T103999.99,2025-11-09T15:26:47.960534Z,0.06,500,no,8c415fd0-7a9c-581b-ec3a-96548273befe
KXBTCD-25NOV0911-T103999.99,2025-11-09T15:26:47.960534Z,0.06,38,no,8637223d-0523-5d54-c604-74ad2c17bc09
KXBTCD-25NOV0911-T103999.99,2025-11-09T15:26:47.960534Z,0.04,1,no,766a4202-5535-5200-d4f7-dfd776ff9cf3
KXBTCD-25NOV0911-T103999.99,2025-11-09T15:26:47.960534Z,0.04,500,no,75e1554e-0c3b-57c5-f0ed-6397dab07530
KXBTCD-25NOV0911-T103999.99,2025-11-09T15:26:47.960534Z,0.03,235,no,722dfcde-97f3-5610-ef27-19ae343000b1
KXBTCD-25NOV0911-T103999.99,2025-11-09T15:26:47.960534Z,0.05,500,no,711a7be6-2912-59ea-d5f4-4a32e067fab3
KXBTCD-25NOV0911-T103999.99,2025-11-09T15:26:47.960534Z,0.08,20,no,663b93b6-b791-54e1-d9c6-af48702949fb
KXBTCD-25NOV0911-T103999.99,2025-11-09T15:26:47.960534Z,0.07,40,no,1ab34f19-4c3b-5ace-edef-cceb4cfebb6e
KXBTCD-25NOV0911-T103999.99,2025-11-09T15:26:09.942802Z,0.08,40,no,3a07b564-cd11-59a5-6468-b7758315b59b
KXBTCD-25NOV0911-T103999.99,2025-11-09T15:26:07.298137Z,0.09,1,yes,cf535bf9-c852-5e6d-b86c-a80f23a01bb7
KXBTCD-25NOV0911-T103999.99,2025-11-09T15:26:02.292221Z,0.08,40,no,beea88c8-74c5-44cd-9d67-46759e4df6f3
KXBTCD-25NOV0911-T103999.99,2025-11-09T15:21:37.393781Z,0.14,5,yes,f3864163-586e-53dd-2690-104001355765
KXBTCD-25NOV0911-T103999.99,2025-11-09T15:21:37.393781Z,0.14,5,yes,ae041958-6bf4-5341-0212-c0b824590fd3
KXBTCD-25NOV0911-T103999.99,2025-11-09T15:21:37.393781Z,0.15,22,yes,a68211e6-97f8-5e79-1fd0-f7a1cd72311f
KXBTCD-25NOV0911-T103999.99,2025-11-09T15:21:14.028944Z,0.13,5,yes,bb50bba7-d176-7353-1c7a-5b46454b8a9f
KXBTCD-25NOV0911-T103999.99,2025-11-09T15:21:12.930949Z,0.13,5,yes,5532c152-04a1-76f3-1129-29d6c462a113
KXBTCD-25NOV0911-T103999.99,2025-11-09T15:21:12.930949Z,0.13,5,yes,22e21b22-2ccb-7c9d-3890-f7257c3feb34
KXBTCD-25NOV0911-T103999.99,2025-11-09T15:21:12.930949Z,0.13,5,yes,14a1a3b6-4ed8-72a6-041c-e66037867f6c
KXBTCD-25NOV0911-T103999.99,2025-11-09T15:20:44.42261Z,0.15,1,yes,f4340c92-5f45-5983-fe05-7282504b99fb
KXBTCD-25NOV0911-T103999.99,2025-11-09T15:20:44.42261Z,0.14,5,yes,5924af8d-c87c-5855-c5f0-59365cb3205e
KXBTCD-25NOV0911-T103999.99,2025-11-09T15:20:38.164537Z,0.13,5,yes,852641aa-c1bd-6110-276a-18ec974c51d3
KXBTCD-25NOV0911-T103999.99,2025-11-09T15:19:55.53888Z,0.14,5,yes,a5e32ffe-c61c-5f03-54cc-a48bb054ec3c
KXBTCD-25NOV0911-T103999.99,2025-11-09T15:19:55.53888Z,0.14,5,yes,7be112b4-c523-5033-66b1-3b4a6344bca7
KXBTCD-25NOV0911-T103999.99,2025-11-09T15:18:58.691933Z,0.1,5,yes,262dafbd-9456-4da0-a525-c455a45f5a0b
KXBTCD-25NOV0911-T103999.99,2025-11-09T15:18:58.581278Z,0.09,5,yes,003b0148-d6a7-7162-1088-eca6ecf0d313
KXBTCD-25NOV0911-T103999.99,2025-11-09T15:18:50.614483Z,0.11,2,yes,8ec093ab-c9d3-66f6-39d9-9c3dd432b031
KXBTCD-25NOV0911-T103999.99,2025-11-09T15:18:50.614483Z,0.1,5,yes,7889c75c-94d9-6b5f-2127-8e5a0176d9cf
KXBTCD-25NOV0911-T103999.99,2025-11-09T15:18:50.614483Z,0.1,5,yes,0c73ab14-b599-6e5a-1907-5be44b7421c6
KXBTCD-25NOV0911-T103999.99,2025-11-09T15:18:50.614483Z,0.1,5,yes,0bdb9974-a7df-6f37-061a-aea4eac39289
KXBTCD-25NOV0911-T103999.99,2025-11-09T15:17:05.313333Z,0.09,5,yes,c8f999a5-be44-555c-9ebc-931acc27b984
KXBTCD-25NOV0911-T103999.99,2025-11-09T15:17:05.313333Z,0.1,38,yes,2a3fd3d0-ae79-58ba-b8f7-55dde3460377
KXBTCD-25NOV0911-T103999.99,2025-11-09T15:17:05.313333Z,0.09,5,yes,1b23edb9-6f18-5af2-ac81-e99bf39b6750
KXBTCD-25NOV0911-T103999.99,2025-11-09T15:11:34.905742Z,0.11,5,yes,3ac528ef-48d2-724c-c5df-050973112c5d
KXBTCD-25NOV0911-T103999.99,2025-11-09T15:11:34.905742Z,0.11,5,yes,2938bd4b-2d98-7169-f51c-cb90312b447b
KXBTCD-25NOV0911-T103999.99,2025-11-09T15:11:20.792076Z,0.14,1,no,0535b8ed-5ec0-402f-8041-418b2a95dbe5
KXBTCD-25NOV0911-T103999.99,2025-11-09T15:10:34.40362Z,0.1,5,yes,179c4ef6-ea41-5a5a-faf4-19c491a29d62
KXBTCD-25NOV0911-T103999.99,2025-11-09T15:10:30.910572Z,0.1,5,yes,fa3289c0-8566-680a-c82a-05d03c1932fd
KXBTCD-25NOV0911-T103999.99,2025-11-09T15:10:30.910572Z,0.1,5,yes,75e1e047-a134-6a5e-e5ee-336c52526dfa
KXBTCD-25NOV0911-T103999.99,2025-11-09T15:10:25.565181Z,0.1,5,yes,6f2d3999-07e3-44fb-4669-3df65884a86e
KXBTCD-25NOV0911-T103999.99,2025-11-09T15:10:25.565181Z,0.1,5,yes,2ad38f41-6da8-43ba-74c8-e788b53f0f4f
KXBTCD-25NOV0911-T103999.99,2025-11-09T15:10:17.393066Z,0.09,5,yes,0fa41b79-cb0a-4ca9-6663-016ae3ee2d2a
KXBTCD-25NOV0911-T103999.99,2025-11-09T15:08:40.788232Z,0.1,94,yes,07bdde66-873e-669b-5d9c-3d125df1c8c6
KXBTCD-25NOV0911-T103999.99,2025-11-09T15:02:41.85265Z,0.05,40,no,bdc987a2-e4bc-61d3-c4e4-312fac97a2c6
KXBTCD-25NOV0911-T103999.99,2025-11-09T15:02:15.963918Z,0.06,156,yes,e00d00ef-6d54-6e51-ee0e-770769627ac5
