ticker,created_time,price,count,taker_side,trade_id
KXBTCD-25NOV0910-T102999.99,2025-11-09T14:59:58.67894Z,0.01,935,yes,af4d741d-b7b8-625b-cc63-a0472ff66e6f
KXBTCD-25NOV0910-T102999.99,2025-11-09T14:59:53.631335Z,0.01,1,yes,7b5da00a-5c78-7f3b-e57e-d3093b1a80bf
KXBTCD-25NOV0910-T102999.99,2025-11-09T14:59:40.278284Z,0.01,40,yes,5a8166c1-b86c-5563-4371-57ccee678ae3
KXBTCD-25NOV0910-T102999.99,2025-11-09T14:59:31.322368Z,0.01,27,yes,9684a9b5-db20-59c1-4d5b-13b7760bc40e
KXBTCD-25NOV0910-T102999.99,2025-11-09T14:59:25.832284Z,0.01,50,yes,c7dcb34a-e8f8-6d39-3d64-50232e7d2aa2
KXBTCD-25NOV0910-T102999.99,2025-11-09T14:59:23.564247Z,0.01,46,yes,4728a20f-e078-6dc5-5dd3-ee0188019f4e
KXBTCD-25NOV0910-T102999.99,2025-11-09T14:59:23.430501Z,0.01,46,yes,c57ac20b-1238-7c39-f179-51901a316a06
KXBTCD-25NOV0910-T102999.99,2025-11-09T14:59:21.126539Z,0.01,25,no,5af875a9-6257-4787-0412-e6d1f66fb5b9
KXBTCD-25NOV0910-T102999.99,2025-11-09T14:59:20.990662Z,0.05,185,yes,72847467-7270-7203-3ff4-6330236fbd9b
KXBTCD-25NOV0910-T102999.99,2025-11-09T14:59:20.100991Z,0.05,18,yes,26e91c65-7b5c-7ab3-7509-7855000b0653
KXBTCD-25NOV0910-T102999.99,2025-11-09T14:59:19.408238Z,0.05,4,yes,8ae9c2ff-05f8-441f-2692-88d170bd0c4b
KXBTCD-25NOV0910-T102999.99,2025-11-09T14:59:19.326801Z,0.05,24,yes,fbf5efdd-7018-5c3b-c610-986f5a8f3587
KXBTCD-25NOV0910-T102999.99,2025-11-09T14:59:16.296814Z,0.05,11,yes,db04ad4f-eed0-5b47-7e0f-c3749db5ec8b
KXBTCD-25NOV0910-T102999.99,2025-11-09T14:59:16.240125Z,0.1,25,no,4330010e-6373-5c47-9c35-dd34237b6047
KXBTCD-25NOV0910-T102999.99,2025-11-09T14:59:11.108847Z,0.09,40,no,895e20b8-fc2e-42c4-79ee-ed29c2355949
KXBTCD-25NOV0910-T102999.99,2025-11-09T14:59:07.93751Z,0.08,47,no,f22d3dce-abac-4ce9-838c-ab52904ad9f3
KXBTCD-25NOV0910-T102999.99,2025-11-09T14:59:07.626726Z,0.08,14,no,c46bf28b-f250-551d-691d-e626832ec757
KXBTCD-25NOV0910-T102999.99,2025-11-09T14:59:07.00632Z,0.14,40,yes,abd1a165-b39e-59b6-1196-0bc6d8d0df0f
KXBTCD-25NOV0910-T102999.99,2025-11-09T14:59:07.00632Z,0.15,500,yes,80f60cbe-97a9-5d99-31d4-7a42ffba0766
KXBTCD-25NOV0910-T102999.99,2025-11-09T14:59:05.458407Z,0.16,75,no,ecffeb63-2336-4c32-2039-9a60a41c0bf6
KXBTCD-25NOV0910-T102999.99,2025-11-09T14:59:05.458407Z,0.17,40,no,bbd8fe92-ede0-468e-31e3-4529b45b3b88
KXBTCD-25NOV0910-T102999.99,2025-11-09T14:59:03.753443Z,0.22,20,yes,13db25ba-56c5-701a-5e27-47302b5d8508
KXBTCD-25NOV0910-T102999.99,2025-11-09T14:59:03.011359Z,0.21,108,no,b8f300c0-abe6-6c00-a60c-ab724d83c4c7
KXBTCD-25NOV0910-T102999.99,2025-11-09T14:58:58.039325Z,0.25,50,no,85685d7c-935d-4d45-8fbd-9c3a3be1e52a
KXBTCD-25NOV0910-T102999.99,2025-11-09T14:58:57.803047Z,0.28,27,no,abdd3334-9dd6-5179-d605-0f9cb45fa6be
KXBTCD-25NOV0910-T102999.99,2025-11-09T14:58:57.803047Z,0.29,40,no,3b364048-66e2-5dbc-edd8-6b2c2eb80f8b
KXBTCD-25NOV0910-T102999.99,2025-11-09T14:58:57.113608Z,0.28,124,no,0410cf72-5832-468d-557c-585761e65e8a
KXBTCD-25NOV0910-T102999.99,2025-11-09T14:58:56.882267Z,0.22,24,no,b8df6b36-1ad5-7e9a-1fc2-42bfd0c81ba2
KXBTCD-25NOV0910-T102999.99,2025-11-09T14:58:50.663565Z,0.25,40,no,56b9711f-5752-7919-0c74-236dd5870bdf
KXBTCD-25NOV0910-T102999.99,2025-11-09T14:58:49.214553Z,0.44,10,no,a4f23f14-6734-69ba-8a0c-58d78b4ca2bf
KXBTCD-25NOV0910-T102999.99,2025-11-09T14:58:49.022048Z,0.33,200,no,627e8f01-40e4-76fb-9dc8-2e36b8dee024
KXBTCD-25NOV0910-T102999.99,2025-11-09T14:58:46.623611Z,0.44,175,no,40e9cefa-2318-6bf6-155f-6a66ae8b5a3a
KXBTCD-25NOV0910-T102999.99,2025-11-09T14:58:42.521054Z,0.45,40,yes,ad431ba0-6a74-744d-7a5c-01c07a94f6e3
KXBTCD-25NOV0910-T102999.99,2025-11-09T14:58:42.324109Z,0.44,40,no,08c4b3cd-488f-51fa-7825-96298a30bd5a
KXBTCD-25NOV0910-T102999.99,2025-11-09T14:58:37.611412Z,0.57,11,no,fd13f519-68f2-6e8c-b103-72c418f41374
KXBTCD-25NOV0910-T102999.99,2025-11-09T14:58:36.460982Z,0.64,81,yes,a446c77b-1829-7e96-1f60-07f58b090b7e
KXBTCD-25NOV0910-T102999.99,2025-11-09T14:58:36.460982Z,0.63,200,yes,7a3b799c-54e0-71b6-0261-9fb1ea6bc1d9
KXBTCD-25NOV0910-T102999.99,2025-11-09T14:58:30.024877Z,0.63,49,no,394c3abe-708f-446e-ed4b-51ec634cf7b1
KXBTCD-25NOV0910-T102999.99,2025-11-09T14:58:27.647068Z,0.59,2,no,801add4b-6607-401a-2ac7-ddbbc8ad5bb1
KXBTCD-25NOV0910-T102999.99,2025-11-09T14:58:25.110944Z,0.53,9,yes,bec74d8f-ffe2-67f4-cc07-3648e19322d7
KXBTCD-25NOV0910-T102999.99,2025-11-09T14:58:25.08366Z,0.54,6,yes,cdc53bbf-ae90-6c92-19e7-d0097787ec71
KXBTCD-25NOV0910-T102999.99,2025-11-09T14:58:25.08366Z,0.54,3,yes,4b60aeb8-1ce8-67fe-1ad4-db7a8c68b446
KXBTCD-25NOV0910-T102999.99,2025-11-09T14:58:23.368189Z,0.48,25,no,c7093585-3987-5cb0-136f-f9bd7cdbd766
KXBTCD-25NOV0910-T102999.99,2025-11-09T14:58:21.048641Z,0.48,40,no,995b6038-1a27-5019-bcea-98c328e42f6e
KXBTCD-25NOV0910-T102999.99,2025-11-09T14:58:15.190199Z,0.4,40,yes,37886b64-361e-7154-f1fa-5c0cf6f5287a
KXBTCD-25NOV0910-T102999.99,2025-11-09T14:58:15.190199Z,0.41,500,yes,16a9496e-8ccd-7afe-f553-8026c12f0838
KXBTCD-25NOV0910-T102999.99,2025-11-09T14:58:15.190199Z,0.42,200,yes,0b04f7b8-43fa-7d91-e143-2c88bb2f579c
KXBTCD-25NOV0910-T102999.99,2025-11-09T14:58:14.941578Z,0.41,14,yes,b7b3087c-d684-7aa8-b020-c2f1355d481b
KXBTCD-25NOV0910-T102999.99,2025-11-09T14:58:14.941578Z,0.41,220,yes,61e2cf7b-36d0-77ef-9e75-479d1b26a4da
KXBTCD-25NOV0910-T102999.99,2025-11-09T14:58:14.918327Z,0.41,26,yes,d7d30b62-2f34-593c-5249-14c345b94023
KXBTCD-25NOV0910-T102999.99,2025-11-09T14:58:13.90253Z,0.43,185,yes,f9977f10-dcff-6ae9-fc60-d66d21339f6b
KXBTCD-25NOV0910-T102999.99,2025-11-09T14:58:13.90253Z,0.42,8,yes,ec3a5fe1-4504-6e69-cd04-81fbf02a4b48
KXBTCD-25NOV0910-T102999.99,2025-11-09T14:58:11.217167Z,0.33,200,no,6a34c482-86d8-59a8-734d-d91c568ae67e
KXBTCD-25NOV0910-T102999.99,2025-11-09T14:58:11.198691Z,0.34,200,no,8f656716-0c7d-42f5-8718-9ca6113dfdf6
KXBTCD-25NOV0910-T102999.99,2025-11-09T14:58:08.347356Z,0.48,6,no,b5e28be3-a481-59a8-4fe5-8649c0e8d3c4
KXBTCD-25NOV0910-T102999.99,2025-11-09T14:58:08.347356Z,0.48,3,no,a02d9db8-b09f-5732-4612-7a96c851c383
KXBTCD-25NOV0910-T102999.99,2025-11-09T14:58:08.124858Z,0.5,9,no,54afc395-9473-796f-6bd8-11df81613527
KXBTCD-25NOV0910-T102999.99,2025-11-09T14:58:07.951296Z,0.62,1,no,0286fc50-bd85-7c59-ac4b-842f1386727a
KXBTCD-25NOV0910-T102999.99,2025-11-09T14:58:07.226846Z,0.63,3,yes,dd166846-9199-53dc-cdf3-01bf201d430d
KXBTCD-25NOV0910-T102999.99,2025-11-09T14:58:06.988249Z,0.6,3,yes,9f0d9a97-116a-6869-e8dc-fbf9cc7f44e0
KXBTCD-25NOV0910-T102999.99,2025-11-09T14:58:06.828082Z,0.58,8,yes,5a4d4cae-d151-4c42-2e18-2e23d4db757d
KXBTCD-25NOV0910-T102999.99,2025-11-09T14:58:05.572664Z,0.53,9,no,722a7012-368e-6ff4-6f5a-6c4b1206dd02
KXBTCD-25NOV0910-T102999.99,2025-11-09T14:58:04.273633Z,0.54,1,no,91a229d5-f7c8-542e-fec0-2915071c786c
KXBTCD-25NOV0910-T102999.99,2025-11-09T14:58:02.857428Z,0.61,8,no,0642943c-5e08-5cbe-b204-a1b3b3fbcc00
KXBTCD-25NOV0910-T102999.99,2025-11-09T14:58:00.989456Z,0.52,1,no,048b479d-15e6-7f9a-aa41-1f848ce98a40
KXBTCD-25NOV0910-T102999.99,2025-11-09T14:58:00.942636Z,0.53,10,yes,6c8ae84d-b3c2-7691-1d7a-05663e505537
KXBTCD-25NOV0910-T102999.99,2025-11-09T14:58:00.735432Z,0.56,1,no,33940d46-e452-5806-7fca-9e0260cceec9
KXBTCD-25NOV0910-T102999.99,2025-11-09T14:58:00.694104Z,0.59,1,no,8a3511d3-2a87-5b2f-1a19-8fefdfc237bf
KXBTCD-25NOV0910-T102999.99,2025-11-09T14:58:00.642906Z,0.65,40,no,5f696c9d-025e-62be-782e-b47a244ed2ac
KXBTCD-25NOV0910-T102999.99,2025-11-09T14:58:00.629774Z,0.69,200,no,decf1084-7d22-5420-00c4-f347af86b5b2
KXBTCD-25NOV0910-T102999.99,2025-11-09T14:58:00.572958Z,0.7,40,no,fdc27e7e-f0bf-619a-93bb-f6e3b853f41d
KXBTCD-25NOV0910-T102999.99,2025-11-09T14:58:00.336424Z,0.69,5,no,36db2c6a-ede1-655f-f692-7d5584b7d7e6
KXBTCD-25NOV0910-T102999.99,2025-11-09T14:57:51.557117Z,0.63,1,no,a1cf906b-e22f-5bc3-a4cf-33fe5123fa8e
KXBTCD-25NOV0910-T102999.99,2025-11-09T14:57:46.736465Z,0.62,3,yes,25ae2c9f-e344-6d9a-5288-ceef14ce8899
KXBTCD-25NOV0910-T102999.99,2025-11-09T14:57:41.264669Z,0.61,73,yes,00d83778-342d-7229-b834-993b8a1a0fe5
KXBTCD-25NOV0910-T102999.99,2025-11-09T14:57:40.634709Z,0.61,8,no,939824fa-52f6-6092-af88-da6b201cbf21
KXBTCD-25NOV0910-T102999.99,2025-11-09T14:57:39.135311Z,0.76,500,yes,e0e9a732-01a8-7603-e0e7-180c26111e1b
KXBTCD-25NOV0910-T102999.99,2025-11-09T14:57:39.135311Z,0.72,20,yes,e0e547eb-d2ca-777e-fb51-baada8c4a0b3
KXBTCD-25NOV0910-T102999.99,2025-11-09T14:57:39.135311Z,0.8,34,yes,793a872f-d44e-72cf-f389-787881990bb7
KXBTCD-25NOV0910-T102999.99,2025-11-09T14:57:39.135311Z,0.75,200,yes,7730f048-e175-75e8-d8e4-fcb57eac2dee
KXBTCD-25NOV0910-T102999.99,2025-11-09T14:57:39.135311Z,0.69,3,yes,73e48908-7de7-7fe3-c94f-b43acacac529
KXBTCD-25NOV0910-T102999.99,2025-11-09T14:57:39.135311Z,0.75,40,yes,2255cb33-41fd-7c23-d600-6db71ff14fd9
KXBTCD-25NOV0910-T102999.99,2025-11-09T14:57:35.456609Z,0.69,7,no,944bfc85-20db-7f7c-0d50-f52ddf35a395
KXBTCD-25NOV0910-T102999.99,2025-11-09T14:57:35.456609Z,0.7,7,no,7b605dc6-f1be-7605-3f1d-a6e5984ac0ec
KXBTCD-25NOV0910-T102999.99,2025-11-09T14:57:32.232419Z,0.77,190,no,ebcf934f-9de0-6717-2906-06edd387a464
KXBTCD-25NOV0910-T102999.99,2025-11-09T14:57:30.317952Z,0.77,10,no,6f668a1a-d654-40cf-7987-191efb146f3c
KXBTCD-25NOV0910-T102999.99,2025-11-09T14:57:28.27622Z,0.83,47,yes,8c823c99-36cc-57ed-5541-2b96ecdc6dc0
KXBTCD-25NOV0910-T102999.99,2025-11-09T14:57:25.789042Z,0.82,26,no,ebb7bae4-cca7-44f1-50c5-e290acdb39cb
KXBTCD-25NOV0910-T102999.99,2025-11-09T14:57:02.214443Z,0.83,12,yes,e8144534-05c5-43e0-f044-b61fb8e97c58
KXBTCD-25NOV0910-T102999.99,2025-11-09T14:57:02.214443Z,0.84,287,yes,7f1844e0-339d-4ef8-def8-c26769b52e47
KXBTCD-25NOV0910-T102999.99,2025-11-09T14:57:02.214443Z,0.82,200,yes,7d5d3a05-e2f9-49dd-dcfa-5c8f17eb5824
KXBTCD-25NOV0910-T102999.99,2025-11-09T14:57:02.214443Z,0.81,1,yes,706c3488-e41d-42cc-e4a8-eadc5609a9a0
KXBTCD-25NOV0910-T102999.99,2025-11-09T14:56:54.864856Z,0.89,1,yes,f69bc3c2-e79c-626a-bd06-e663adf8de0b
KXBTCD-25NOV0910-T102999.99,2025-11-09T14:56:54.864856Z,0.89,1,yes,f38f70bd-3604-62b5-8d6e-2985ebbf39c8
KXBTCD-25NOV0910-T102999.99,2025-11-09T14:56:54.864856Z,0.9,68,yes,c1014d4d-c4be-6374-86ee-c3e450a6b4db
KXBTCD-25NOV0910-T102999.99,2025-11-09T14:56:54.864856Z,0.89,40,yes,68995e21-c512-6f32-935e-82502683f563
KXBTCD-25NOV0910-T102999.99,2025-11-09T14:56:49.204555Z,0.81,23,no,1b71f1d9-948a-6f34-00eb-991383d8ea73
KXBTCD-25NOV0910-T102999.99,2025-11-09T14:56:47.35908Z,0.77,2,yes,e3158af2-1a69-78bc-9dd9-4c9cefd91e19
KXBTCD-25NOV0910-T102999.99,2025-11-09T14:56:47.35908Z,0.77,2,yes,6e46944a-2e8c-75ed-92b5-41e57c007254
KXBTCD-25NOV0910-T102999.99,2025-11-09T14:56:46.840244Z,0.7,902,no,140f9dce-84f5-5e3c-9df5-1c2da9e340dd
KXBTCD-25NOV0910-T102999.99,2025-11-09T14:56:44.839767Z,0.7,20,no,39e50639-9968-68cf-55f0-2c05bb1f96ce
KXBTCD-25NOV0910-T102999.99,2025-11-09T14:56:44.287139Z,0.73,10,no,c74c5738-94a2-74fb-8206-b5caa82de30b
KXBTCD-25NOV0910-T102999.99,2025-11-09T14:56:42.730398Z,0.7,29,no,fc89b4b2-1638-42b0-70cd-6a6e8c9ffebe
KXBTCD-25NOV0910-T102999.99,2025-11-09T14:56:42.730398Z,0.7,7,no,5f20ff12-60f8-477b-69a4-5f07fb742845
KXBTCD-25NOV0910-T102999.99,2025-11-09T14:56:42.730398Z,0.71,40,no,33aef258-8613-4289-6404-96bce3b06e2a
KXBTCD-25NOV0910-T102999.99,2025-11-09T14:56:37.083724Z,0.72,5,no,0ceed495-f023-728c-d6b8-599fb2f4e1e6
KXBTCD-25NOV0910-T102999.99,2025-11-09T14:56:35.506015Z,0.75,2,yes,9dd7e6c6-2b3e-75fc-7d2a-0d27929d3e41
KXBTCD-25NOV0910-T102999.99,2025-11-09T14:56:35.506015Z,0.81,1,yes,8807918b-ae2a-7e42-74c5-87440cc5d33e
KXBTCD-25NOV0910-T102999.99,2025-11-09T14:56:31.90011Z,0.77,4,no,3cc75929-124c-4570-9b11-bd8c035af897
KXBTCD-25NOV0910-T102999.99,2025-11-09T14:56:29.200701Z,0.9,286,yes,ce33c7b4-fe7c-6695-606e-eca89d931ac4
KXBTCD-25NOV0910-T102999.99,2025-11-09T14:56:29.200701Z,0.85,30,yes,bc7c15f7-b216-6d7b-6009-50bf28eeec16
KXBTCD-25NOV0910-T102999.99,2025-11-09T14:56:29.200701Z,0.86,40,yes,b8d9c1d1-a588-6f83-5f8f-542c6ceb6984
KXBTCD-25NOV0910-T102999.99,2025-11-09T14:56:29.200701Z,0.83,1,yes,8bf78729-e87a-6523-4b03-a9dcb72e8904
KXBTCD-25NOV0910-T102999.99,2025-11-09T14:56:29.200701Z,0.87,500,yes,18dd0ab4-6009-64a8-6840-6a4825127f3e
KXBTCD-25NOV0910-T102999.99,2025-11-09T14:56:29.200701Z,0.83,200,yes,185f286a-7dc5-6e8d-692a-ee296e4999e2
KXBTCD-25NOV0910-T102999.99,2025-11-09T14:56:20.263049Z,0.88,40,yes,17d220ba-3491-5afd-ee6a-27eb9771ea19
KXBTCD-25NOV0910-T102999.99,2025-11-09T14:56:19.801816Z,0.88,1,yes,924b13a4-769a-66e3-8df4-65d9effbccc4
KXBTCD-25NOV0910-T102999.99,2025-11-09T14:56:19.801816Z,0.88,1,yes,05dcfffc-7e57-6f91-8393-18cf4a8dbe78
KXBTCD-25NOV0910-T102999.99,2025-11-09T14:56:19.318339Z,0.87,5,no,0eece135-48c6-7fab-e7b3-874935d2a0d7
KXBTCD-25NOV0910-T102999.99,2025-11-09T14:56:19.31809Z,0.87,1,yes,370e88af-07e6-715f-34c0-8e4ebc528e83
KXBTCD-25NOV0910-T102999.99,2025-11-09T14:56:16.974965Z,0.91,192,no,5fb1dc71-36bd-6b72-33bb-e53c5e712463
KXBTCD-25NOV0910-T102999.99,2025-11-09T14:56:16.830279Z,0.92,3,yes,0dacc064-1b88-567a-39dc-cd4cdb12e40e
KXBTCD-25NOV0910-T102999.99,2025-11-09T14:56:16.692792Z,0.92,3,yes,5e359b04-2678-62ea-70ea-eb746f308e0a
KXBTCD-25NOV0910-T102999.99,2025-11-09T14:56:16.536006Z,0.92,3,yes,9d4b6548-51b0-7cf2-3063-a38b1c5600ee
KXBTCD-25NOV0910-T102999.99,2025-11-09T14:56:16.414707Z,0.91,52,no,571406ab-0e31-5db2-0b05-86d6f401453f
KXBTCD-25NOV0910-T102999.99,2025-11-09T14:56:15.928541Z,0.92,1,yes,b524f860-0f95-5501-d4b6-1221297ed2e4
KXBTCD-25NOV0910-T102999.99,2025-11-09T14:56:15.928541Z,0.92,2,yes,594ea712-48d0-5632-ef67-1156a9aef392
KXBTCD-25NOV0910-T102999.99,2025-11-09T14:56:14.364147Z,0.91,40,no,89419bae-474d-444e-e8ce-435b3076577f
KXBTCD-25NOV0910-T102999.99,2025-11-09T14:56:13.502918Z,0.92,40,no,b685c92a-f1ab-7cc5-4878-ab9fb073f494
KXBTCD-25NOV0910-T102999.99,2025-11-09T14:56:13.502918Z,0.91,16,no,98fcd24e-a4c9-73d6-4e32-945e1c05e1bb
KXBTCD-25NOV0910-T102999.99,2025-11-09T14:56:06.842886Z,0.97,40,yes,e1f04e3a-563d-7dd3-dad3-37a30a0e7869
KXBTCD-25NOV0910-T102999.99,2025-11-09T14:56:06.842886Z,0.96,1,yes,e0e4b92c-d9df-7a0e-dd5d-751ad54ef70b
KXBTCD-25NOV0910-T102999.99,2025-11-09T14:56:06.842886Z,0.95,1,yes,a609b44d-422e-79eb-cd67-ea567eb0b1e3
KXBTCD-25NOV0910-T102999.99,2025-11-09T14:56:06.842886Z,0.95,1,yes,8a781c24-2665-7f20-c972-154cebd58434
KXBTCD-25NOV0910-T102999.99,2025-11-09T14:56:06.842886Z,0.97,162,yes,14f5e1bd-9599-7d79-d654-d6276c3e7bd3
KXBTCD-25NOV0910-T102999.99,2025-11-09T14:56:02.120385Z,0.94,40,no,14638df0-a18e-7005-59b2-d58f7b158b9b
KXBTCD-25NOV0910-T102999.99,2025-11-09T14:55:28.112162Z,0.92,40,no,c8c6ed6e-0d40-6e4d-8bc3-451d89f8680e
KXBTCD-25NOV0910-T102999.99,2025-11-09T14:55:22.161165Z,0.92,1,yes,9b4ac7a1-1ca7-4025-64b0-ea338b1c5f34
KXBTCD-25NOV0910-T102999.99,2025-11-09T14:55:22.161165Z,0.92,1,yes,958be16b-ea7c-4b2c-7020-8850e4dff2f7
KXBTCD-25NOV0910-T102999.99,2025-11-09T14:55:16.14315Z,0.92,34,no,837d5eb6-5fc0-7d4b-d528-397964520da3
KXBTCD-25NOV0910-T102999.99,2025-11-09T14:55:12.670339Z,0.92,11,no,aed3ee4e-4efc-6acc-8563-6eda4d12e530
KXBTCD-25NOV0910-T102999.99,2025-11-09T14:55:07.348418Z,0.95,10,yes,37cb21fd-42e0-4048-8d77-42066a9dc750
KXBTCD-25NOV0910-T102999.99,2025-11-09T14:54:58.110941Z,0.96,11,no,8b81ebdc-a30a-6039-51c6-6198d639387b
KXBTCD-25NOV0910-T102999.99,2025-11-09T14:54:57.282091Z,0.97,1,yes,4825da6c-403f-700e-1c19-4a1a30e3177e
KXBTCD-25NOV0910-T102999.99,2025-11-09T14:54:57.282091Z,0.97,1,yes,3a899e7b-0e71-750a-1669-cc887e666cae
KXBTCD-25NOV0910-T102999.99,2025-11-09T14:54:45.078422Z,0.99,1,yes,fc59493e-4e8c-713a-85b1-ccaed7286cf3
KXBTCD-25NOV0910-T102999.99,2025-11-09T14:54:45.078422Z,0.98,1,yes,778f8517-6e31-72c2-91c0-33053e6fcf74
KXBTCD-25NOV0910-T102999.99,2025-11-09T14:54:45.078422Z,0.97,22,yes,7144e32c-8833-7660-96cc-52ca73edca92
KXBTCD-25NOV0910-T102999.99,2025-11-09T14:54:45.078422Z,0.98,1,yes,637623e0-9810-7e2b-8b1d-a8b29fede7e2
KXBTCD-25NOV0910-T102999.99,2025-11-09T14:54:45.078422Z,0.99,1,yes,3275f99a-8026-7445-bfdb-252e6882830c
KXBTCD-25NOV0910-T102999.99,2025-11-09T14:54:45.078422Z,0.99,1,yes,006577bc-042f-76b5-b2e5-d0b4ffb3f10d
KXBTCD-25NOV0910-T102999.99,2025-11-09T14:54:28.309466Z,0.94,4,no,35c88c6a-6cff-5d87-9118-6d6b8e92baba
KXBTCD-25NOV0910-T102999.99,2025-11-09T14:53:42.632553Z,0.93,108,no,81508394-9141-6de5-2adb-266bea485a44
KXBTCD-25NOV0910-T102999.99,2025-11-09T14:53:32.503Z,0.94,2,no,70abf78d-3865-7ed9-4f39-8b30ffa6e8c0
KXBTCD-25NOV0910-T102999.99,2025-11-09T14:53:17.863911Z,0.94,86,no,3961687b-673c-405c-6096-bff0c31d4a6f
KXBTCD-25NOV0910-T102999.99,2025-11-09T14:53:17.863911Z,0.94,38,no,2c318ab3-94ed-45b7-5ed9-72dfffec32d1
KXBTCD-25NOV0910-T102999.99,2025-11-09T14:53:17.490187Z,0.95,10,yes,98d2e63f-7711-6a6b-fc6f-bf80e74f7f03
KXBTCD-25NOV0910-T102999.99,2025-11-09T14:53:10.853131Z,0.95,1,yes,e99bbd58-bbdd-56a7-76fd-b6594b7f53b5
KXBTCD-25NOV0910-T102999.99,2025-11-09T14:53:10.853131Z,0.95,1,yes,1a54379f-097e-5a2b-4fc1-f1c03d1db11e
KXBTCD-25NOV0910-T102999.99,2025-11-09T14:52:57.509825Z,0.95,1,yes,e6c94647-1531-653c-c351-6da8c9e8a2d1
KXBTCD-25NOV0910-T102999.99,2025-11-09T14:52:57.509825Z,0.95,1,yes,b161271f-ec2d-6327-d489-d95d8991c196
KXBTCD-25NOV0910-T102999.99,2025-11-09T14:52:57.509825Z,0.95,70,yes,5a0bb229-d4fa-66d2-f02b-80ef6f95a7f2
KXBTCD-25NOV0910-T102999.99,2025-11-09T14:52:57.509825Z,0.96,136,yes,0a6d4b32-a8d9-6dcc-ca90-dca87fdab286
KXBTCD-25NOV0910-T102999.99,2025-11-09T14:52:51.808936Z,0.95,30,yes,0943032c-b06e-40c2-791e-0c57b0816716
KXBTCD-25NOV0910-T102999.99,2025-11-09T14:52:42.321107Z,0.96,218,yes,d8ef0777-57eb-4919-27e5-9e08bd5af556
KXBTCD-25NOV0910-T102999.99,2025-11-09T14:52:42.321107Z,0.96,1,yes,b63f5397-6802-494f-1822-2a7203d457f6
KXBTCD-25NOV0910-T102999.99,2025-11-09T14:52:42.321107Z,0.96,1,yes,814ab0d6-a447-4c17-21e0-f704bbbadbb6
KXBTCD-25NOV0910-T102999.99,2025-11-09T14:52:42.321107Z,0.95,40,yes,71c2ae99-240b-4501-03b4-e7937c05a03f
KXBTCD-25NOV0910-T102999.99,2025-11-09T14:52:40.258155Z,0.95,11,yes,888e89c3-7f61-62c1-815e-00ce52af9d5f
KXBTCD-25NOV0910-T102999.99,2025-11-09T14:52:40.258155Z,0.96,300,yes,1440d48a-2612-6a1e-aea9-2e83f3f5a40a
KXBTCD-25NOV0910-T102999.99,2025-11-09T14:52:06.582856Z,0.9,1,yes,ebc6ad68-2137-566c-0f2f-bab1373efbee
KXBTCD-25NOV0910-T102999.99,2025-11-09T14:52:06.582856Z,0.9,1,yes,95ba9a31-4e2e-5d41-295f-46bb8fcaea4b
KXBTCD-25NOV0910-T102999.99,2025-11-09T14:52:02.418813Z,0.88,1,yes,299d84ee-e82e-6b96-e254-ca38d48ec894
KXBTCD-25NOV0910-T102999.99,2025-11-09T14:52:00.195275Z,0.9,100,yes,87bf0618-ebb6-723f-525a-f660b634c719
KXBTCD-25NOV0910-T102999.99,2025-11-09T14:51:52.542363Z,0.92,2,yes,1d35b7f6-9868-63e5-f94a-47b54c002702
KXBTCD-25NOV0910-T102999.99,2025-11-09T14:51:48.75262Z,0.89,1,yes,f773a940-882b-6a94-e093-9bc156c69eaa
KXBTCD-25NOV0910-T102999.99,2025-11-09T14:51:48.152325Z,0.92,108,yes,46671014-ee55-5a85-4e3c-972c766211b0
KXBTCD-25NOV0910-T102999.99,2025-11-09T14:51:47.835774Z,0.9,1,yes,ddb17a4c-fa6e-6a87-b012-a503624c138b
KXBTCD-25NOV0910-T102999.99,2025-11-09T14:51:47.664408Z,0.89,1,yes,5cff5a76-1e2d-4bb0-67b9-f3b491fb3909
KXBTCD-25NOV0910-T102999.99,2025-11-09T14:51:43.482848Z,0.9,1,yes,8e67403b-6e6b-516c-4b5f-37486f3d960e
KXBTCD-25NOV0910-T102999.99,2025-11-09T14:51:35.29341Z,0.92,1,yes,62765200-bb16-51af-713a-c3496bc0f080
KXBTCD-25NOV0910-T102999.99,2025-11-09T14:51:34.510519Z,0.91,1,yes,304bb8cd-b3b8-4096-da74-830d75bef115
KXBTCD-25NOV0910-T102999.99,2025-11-09T14:51:33.423329Z,0.9,1,yes,91954c17-9d9e-5679-48a4-9c4922f4063f
KXBTCD-25NOV0910-T102999.99,2025-11-09T14:51:31.648159Z,0.93,7,yes,d54c1a82-557b-74c9-fe93-1dd2e28ef2b0
KXBTCD-25NOV0910-T102999.99,2025-11-09T14:51:31.648159Z,0.92,100,yes,22d1a0ff-b032-72dd-e20c-e2a43c29c192
KXBTCD-25NOV0910-T102999.99,2025-11-09T14:51:31.648159Z,0.91,1,yes,20b22434-a813-7e69-c44d-51a34809693c
KXBTCD-25NOV0910-T102999.99,2025-11-09T14:51:30.134861Z,0.91,1,yes,fd02e356-dc87-433a-7a0f-190beaeeb171
KXBTCD-25NOV0910-T102999.99,2025-11-09T14:51:29.672675Z,0.9,1,yes,82d42a84-e1b5-6055-5e1a-d1b06a381c52
KXBTCD-25NOV0910-T102999.99,2025-11-09T14:51:28.196973Z,0.89,1,yes,b25a3d3f-b8d0-7ee3-a7a3-7ba91cb46ee1
KXBTCD-25NOV0910-T102999.99,2025-11-09T14:51:28.196973Z,0.89,1,yes,a18d312e-275a-7cc6-80dd-69ce44677a72
KXBTCD-25NOV0910-T102999.99,2025-11-09T14:51:24.121235Z,0.9,1,yes,a2547fa5-11f4-76b1-d314-44b2db0a6569
KXBTCD-25NOV0910-T102999.99,2025-11-09T14:51:24.121235Z,0.92,39,yes,8f40d31d-2934-7f2a-e1e2-1efc811c1e4d
KXBTCD-25NOV0910-T102999.99,2025-11-09T14:51:23.429395Z,0.91,1,yes,cdeba209-a337-70c6-b9a2-3f5e964e9229
KXBTCD-25NOV0910-T102999.99,2025-11-09T14:51:23.429395Z,0.91,1,yes,bfd1a604-3c99-7bbb-8c27-e0e3c3452295
KXBTCD-25NOV0910-T102999.99,2025-11-09T14:51:23.429395Z,0.93,14,yes,4bb3c7e0-ef50-7f8a-a544-c383e0b0a575
KXBTCD-25NOV0910-T102999.99,2025-11-09T14:51:17.835932Z,0.87,1,yes,7f42308b-8d0e-7e67-0930-5ca5d473f0e4
KXBTCD-25NOV0910-T102999.99,2025-11-09T14:51:17.233574Z,0.86,1,yes,02c919f5-7d96-75fd-228a-e5f851e58955
KXBTCD-25NOV0910-T102999.99,2025-11-09T14:51:13.151326Z,0.88,1,yes,62884f12-971b-4779-eb29-ea54502ee07e
KXBTCD-25NOV0910-T102999.99,2025-11-09T14:51:12.289931Z,0.87,1,yes,bf481af2-6cc2-5530-3f2f-d2f2e64f5986
KXBTCD-25NOV0910-T102999.99,2025-11-09T14:51:11.094164Z,0.87,1,yes,26f231cb-2a89-7db3-b482-51ad8ec7b61c
KXBTCD-25NOV0910-T102999.99,2025-11-09T14:51:09.93656Z,0.86,1,yes,5ff46ad4-f39a-6495-c81c-0d9779db4db9
KXBTCD-25NOV0910-T102999.99,2025-11-09T14:51:09.295107Z,0.85,1,yes,68c11778-335c-57dc-5529-df1cfa564531
KXBTCD-25NOV0910-T102999.99,2025-11-09T14:51:08.139242Z,0.84,1,yes,6eb1e9bc-79ac-66fb-675c-522b5d5c5ded
KXBTCD-25NOV0910-T102999.99,2025-11-09T14:51:03.341352Z,0.81,1,yes,ba792cb7-a0a6-40c5-247b-5af8b4433bae
KXBTCD-25NOV0910-T102999.99,2025-11-09T14:51:01.535742Z,0.84,134,yes,fb49c6af-6a3c-4df2-be79-f5adf11a6b38
KXBTCD-25NOV0910-T102999.99,2025-11-09T14:51:01.535742Z,0.81,1,yes,f04eb71e-0b85-41da-949d-9766e4ffcb5f
KXBTCD-25NOV0910-T102999.99,2025-11-09T14:51:01.535742Z,0.81,500,yes,e8f12bf2-8d8d-4271-8588-ad10e9d32488
KXBTCD-25NOV0910-T102999.99,2025-11-09T14:51:01.535742Z,0.8,40,yes,cadb31a2-936d-4575-89c2-aa26deaddced
KXBTCD-25NOV0910-T102999.99,2025-11-09T14:51:01.535742Z,0.79,26,yes,bcfa65f2-a747-42df-951d-ad328c1b3f90
KXBTCD-25NOV0910-T102999.99,2025-11-09T14:51:01.535742Z,0.81,200,yes,5c4b3f3f-5127-43f4-8d42-2c2dedf158f7
KXBTCD-25NOV0910-T102999.99,2025-11-09T14:51:01.535742Z,0.81,1,yes,2a0690b6-d554-4616-a5fc-e82a4c47f429
KXBTCD-25NOV0910-T102999.99,2025-11-09T14:50:48.754937Z,0.77,2,yes,b3b6629a-de59-6dc5-e09e-62aed1c1c510
KXBTCD-25NOV0910-T102999.99,2025-11-09T14:50:45.329575Z,0.76,8,yes,d0022fa2-89c4-63b6-a3f2-5021639e172e
KXBTCD-25NOV0910-T102999.99,2025-11-09T14:50:39.67802Z,0.74,2,yes,a943a995-77c4-7447-7c28-1d19daddf18f
KXBTCD-25NOV0910-T102999.99,2025-11-09T14:50:34.140012Z,0.69,1,no,992457b4-a0dc-7a2b-ae8c-5aa14c1b524a
KXBTCD-25NOV0910-T102999.99,2025-11-09T14:50:31.730065Z,0.71,27,yes,7a5036a5-b920-4b46-1e57-b6e59e8195d0
KXBTCD-25NOV0910-T102999.99,2025-11-09T14:50:22.618071Z,0.73,4,yes,efb41d8a-a009-4a43-56fa-a7cd6e9ed857
KXBTCD-25NOV0910-T102999.99,2025-11-09T14:50:09.636791Z,0.65,22,yes,5f3d2c2e-02c7-6d8a-a6c2-11972156a5c4
KXBTCD-25NOV0910-T102999.99,2025-11-09T14:50:06.481821Z,0.64,1,no,a39d8e2c-89cd-7f69-adff-2b92d3d44535
KXBTCD-25NOV0910-T102999.99,2025-11-09T14:50:01.912494Z,0.6,1,no,dcb636c7-efbe-4e6c-3fc7-323ae39fc45f
KXBTCD-25NOV0910-T102999.99,2025-11-09T14:50:01.912494Z,0.56,8,no,c2c45928-1fa1-4861-0b4d-bc21b1fa42a0
KXBTCD-25NOV0910-T102999.99,2025-11-09T14:50:01.912494Z,0.57,1,no,b384dbe1-8f19-4411-119e-a93a38a3c429
KXBTCD-25NOV0910-T102999.99,2025-11-09T14:50:01.912494Z,0.56,17,no,8a4beb70-061b-4278-375a-24f060c1ad87
KXBTCD-25NOV0910-T102999.99,2025-11-09T14:49:51.733926Z,0.51,5,no,3d8c9e39-edbf-5b0f-2861-16b664fcbd90
KXBTCD-25NOV0910-T102999.99,2025-11-09T14:49:49.190152Z,0.5,1,no,dd44f403-7c3a-47a6-c840-7b39cd9f3670
KXBTCD-25NOV0910-T102999.99,2025-11-09T14:49:49.190152Z,0.5,1,no,57d5b057-25a3-440d-f993-3111ab539ff5
KXBTCD-25NOV0910-T102999.99,2025-11-09T14:49:49.190152Z,0.49,183,no,51289fa0-1388-4992-dc46-ec941b87ab15
KXBTCD-25NOV0910-T102999.99,2025-11-09T14:49:46.168753Z,0.51,1,no,e634d899-d6cb-74bd-3628-5a771e565848
KXBTCD-25NOV0910-T102999.99,2025-11-09T14:49:46.168753Z,0.51,29,no,4fda7bfe-66fd-7a00-0d72-10ab110b3d00
KXBTCD-25NOV0910-T102999.99,2025-11-09T14:49:41.852364Z,0.57,1,no,a58ab718-a428-4bd8-3e7c-caf9bd9aec07
KXBTCD-25NOV0910-T102999.99,2025-11-09T14:49:37.315053Z,0.61,1,no,af1bb7bb-a4e4-6a10-171c-eafcce016fdb
KXBTCD-25NOV0910-T102999.99,2025-11-09T14:49:30.619899Z,0.54,1,no,12927041-5986-4fc6-8589-a993dc8530ad
KXBTCD-25NOV0910-T102999.99,2025-11-09T14:49:29.104101Z,0.52,20,no,37b09044-2bfa-5e7c-1cc7-6a46c6b204ce
KXBTCD-25NOV0910-T102999.99,2025-11-09T14:49:22.364207Z,0.57,24,yes,8774e8dd-aaf2-6267-7fd8-859adc8346e8
KXBTCD-25NOV0910-T102999.99,2025-11-09T14:49:20.788485Z,0.59,600,no,bb0ee393-641f-7d58-bc5e-bbca4b8f8f83
KXBTCD-25NOV0910-T102999.99,2025-11-09T14:49:12.190103Z,0.61,38,no,d2508344-3ad0-45a6-b768-e4d81d913e4e
KXBTCD-25NOV0910-T102999.99,2025-11-09T14:49:12.190103Z,0.61,8,no,9acb4708-ba02-42de-becb-5c03b8ae2da4
KXBTCD-25NOV0910-T102999.99,2025-11-09T14:49:02.690212Z,0.63,247,no,bdabb739-9602-7717-f174-64edbec78ab0
KXBTCD-25NOV0910-T102999.99,2025-11-09T14:49:02.690212Z,0.65,7,no,4f213e98-0202-7345-de2e-c3bd0e28d7ad
KXBTCD-25NOV0910-T102999.99,2025-11-09T14:49:01.52553Z,0.68,200,yes,67dfe794-6eb2-671a-d3fc-334a2d5d3720
KXBTCD-25NOV0910-T102999.99,2025-11-09T14:49:01.52553Z,0.68,10,yes,0e2bf3c7-b375-6948-c243-e001e280514f
KXBTCD-25NOV0910-T102999.99,2025-11-09T14:48:58.446868Z,0.69,1,yes,696dbfb6-b30e-5a23-863f-662faedc933d
KXBTCD-25NOV0910-T102999.99,2025-11-09T14:48:57.917364Z,0.69,1,yes,57862256-e558-6646-42db-85606b6f84ee
KXBTCD-25NOV0910-T102999.99,2025-11-09T14:48:44.331664Z,0.76,1,yes,3e14bd32-80c7-5c38-9ac6-75744b7ad0c2
KXBTCD-25NOV0910-T102999.99,2025-11-09T14:48:28.750067Z,0.77,1,no,5de8a485-ba22-6dc0-837c-c4859ef5ae87
KXBTCD-25NOV0910-T102999.99,2025-11-09T14:48:28.750067Z,0.73,500,no,41bb94f8-d77f-69cd-b957-1fe4c3222273
KXBTCD-25NOV0910-T102999.99,2025-11-09T14:48:28.750067Z,0.73,549,no,371a4044-c792-621d-b5cf-e97ae9cf3f23
KXBTCD-25NOV0910-T102999.99,2025-11-09T14:48:28.750067Z,0.77,1,no,36f2d02b-6cd8-6fe3-9ccb-57fdfabf6ded
KXBTCD-25NOV0910-T102999.99,2025-11-09T14:48:28.750067Z,0.74,6,no,0aabe4d9-baf3-696e-b046-07893394d65c
KXBTCD-25NOV0910-T102999.99,2025-11-09T14:48:17.267304Z,0.8,1,yes,5d85e2f7-289b-537d-f929-2ab615827267
KXBTCD-25NOV0910-T102999.99,2025-11-09T14:47:52.753199Z,0.81,22,no,ac07970e-a1cd-598f-013e-0636af90d5ec
KXBTCD-25NOV0910-T102999.99,2025-11-09T14:47:52.753199Z,0.81,2,no,191dea62-73f8-5ffd-207c-89416b7943c2
KXBTCD-25NOV0910-T102999.99,2025-11-09T14:47:30.936654Z,0.81,4,no,f13994ed-9084-7149-90d2-f64407f8769a
KXBTCD-25NOV0910-T102999.99,2025-11-09T14:47:28.395444Z,0.81,5,no,9ab55ba2-b21c-49a5-409b-cf8b23ee1bde
KXBTCD-25NOV0910-T102999.99,2025-11-09T14:46:40.06876Z,0.87,200,no,769b0c4b-9447-5192-bbfa-ebc9b09de154
KXBTCD-25NOV0910-T102999.99,2025-11-09T14:46:39.946499Z,0.87,300,no,f0be2fae-b5ab-6872-86ee-b079ec57e298
KXBTCD-25NOV0910-T102999.99,2025-11-09T14:43:46.977174Z,0.82,1,no,f2d0e506-48ee-4294-9eff-1835c63061e5
KXBTCD-25NOV0910-T102999.99,2025-11-09T14:43:46.977174Z,0.81,1,no,e949be6c-3902-4938-b336-0eff3c6da48b
KXBTCD-25NOV0910-T102999.99,2025-11-09T14:43:46.977174Z,0.77,356,no,df21fc58-c508-4a2c-bc76-f794f0510e9f
KXBTCD-25NOV0910-T102999.99,2025-11-09T14:43:46.977174Z,0.79,6,no,d594e870-c04f-4c94-96ea-52bf7300028b
KXBTCD-25NOV0910-T102999.99,2025-11-09T14:43:46.977174Z,0.82,40,no,206810f0-5d43-4409-ac09-38cf5316a853
KXBTCD-25NOV0910-T102999.99,2025-11-09T14:43:46.977174Z,0.82,1,no,04966d25-3ece-4258-a1f4-af0f284e2032
KXBTCD-25NOV0910-T102999.99,2025-11-09T14:43:30.619665Z,0.81,1,no,44f7ac7d-175e-76d7-029d-1ebb58e33121
KXBTCD-25NOV0910-T102999.99,2025-11-09T14:43:21.607842Z,0.78,1,yes,a46cf8ac-bc94-53cf-3cad-67486b3ead18
KXBTCD-25NOV0910-T102999.99,2025-11-09T14:43:18.319334Z,0.82,1,yes,34cdc034-2649-6947-26d9-01abbff1b32b
KXBTCD-25NOV0910-T102999.99,2025-11-09T14:43:17.283663Z,0.81,1,yes,55ef9520-3d51-4c79-cb98-1d492ae30910
KXBTCD-25NOV0910-T102999.99,2025-11-09T14:43:16.389639Z,0.81,1,yes,6d918391-45ce-645b-f778-724f742f097a
KXBTCD-25NOV0910-T102999.99,2025-11-09T14:43:14.765215Z,0.79,1,yes,4c6db0fe-3d2b-747a-c672-99b2083fd2f6
KXBTCD-25NOV0910-T102999.99,2025-11-09T14:43:14.262784Z,0.8,1,yes,8f002d60-c2f2-40d1-a46e-661afc2f35e1
KXBTCD-25NOV0910-T102999.99,2025-11-09T14:43:13.153638Z,0.8,1,yes,10653c0b-ae4c-6428-d960-27c98ea153ea
KXBTCD-25NOV0910-T102999.99,2025-11-09T14:43:09.054408Z,0.85,1,yes,16f3c0da-9da9-715f-8d9e-254bc452d92c
KXBTCD-25NOV0910-T102999.99,2025-11-09T14:43:07.90464Z,0.85,1,yes,f28663ae-9bf8-584b-9973-18a5647a0132
KXBTCD-25NOV0910-T102999.99,2025-11-09T14:43:06.687981Z,0.85,1,yes,c2e55e4b-d08c-7525-33f3-9aa55dc3491b
KXBTCD-25NOV0910-T102999.99,2025-11-09T14:42:59.439816Z,0.86,1,yes,17d7480c-722e-711d-6b38-a09e97f022b0
KXBTCD-25NOV0910-T102999.99,2025-11-09T14:42:58.422584Z,0.87,1,yes,4fff0419-0426-6606-c7bb-c160e4630b1b
KXBTCD-25NOV0910-T102999.99,2025-11-09T14:42:56.874769Z,0.9,450,no,4bbe6f98-811f-4a97-3e3a-971cd5119da2
KXBTCD-25NOV0910-T102999.99,2025-11-09T14:42:46.315112Z,0.9,50,no,b07e9cec-9d93-693b-f4ba-5d31167e794a
KXBTCD-25NOV0910-T102999.99,2025-11-09T14:42:21.70491Z,0.92,37,yes,4b2b5be7-44fd-6761-7ea0-df0c7c3e5df4
KXBTCD-25NOV0910-T102999.99,2025-11-09T14:42:15.473428Z,0.9,1,yes,648f7c83-83af-494e-409b-0e4961ce1c0d
KXBTCD-25NOV0910-T102999.99,2025-11-09T14:42:13.362906Z,0.9,1,yes,435927b4-b3e8-6a04-9452-8bfa3eb7142e
KXBTCD-25NOV0910-T102999.99,2025-11-09T14:42:12.197528Z,0.9,1,yes,88dfc86b-87af-488e-bf7e-1d25680ca5c4
KXBTCD-25NOV0910-T102999.99,2025-11-09T14:42:09.099128Z,0.9,1,yes,b81a3701-2714-59e1-90b5-2ebdc93e0b7a
KXBTCD-25NOV0910-T102999.99,2025-11-09T14:42:04.878473Z,0.9,1,yes,70250889-04fa-7c0a-ae8d-d0466ad1124b
KXBTCD-25NOV0910-T102999.99,2025-11-09T14:42:03.878338Z,0.89,1,yes,6a5208df-95fa-6665-f7b6-d331858831f1
KXBTCD-25NOV0910-T102999.99,2025-11-09T14:42:02.863217Z,0.89,1,yes,411a2914-1a3f-7d73-8c37-bc0946eaaa19
KXBTCD-25NOV0910-T102999.99,2025-11-09T14:42:01.019159Z,0.89,1,yes,d5b86ca7-5aa7-447b-cf77-d382ba614f82
KXBTCD-25NOV0910-T102999.99,2025-11-09T14:41:57.683024Z,0.89,1,yes,59b60755-66a7-4369-6930-d33b8c112581
KXBTCD-25NOV0910-T102999.99,2025-11-09T14:41:57.683024Z,0.89,1,yes,0ff7b032-7aac-4db8-5910-902d8b07cb5a
KXBTCD-25NOV0910-T102999.99,2025-11-09T14:41:42.351816Z,0.89,1,yes,b23cffe2-16f6-68f2-c248-db1feaad6622
KXBTCD-25NOV0910-T102999.99,2025-11-09T14:41:30.65018Z,0.89,1,yes,8ef18bab-b373-65c9-e6f6-d8b8dfa5d1bb
KXBTCD-25NOV0910-T102999.99,2025-11-09T14:41:30.65018Z,0.89,1,yes,86403738-959e-68f9-d691-9e86d361c4b7
KXBTCD-25NOV0910-T102999.99,2025-11-09T14:41:29.05442Z,0.89,1,yes,d4c9c655-c1d7-5ca5-2201-9cb0c6fb00ce
KXBTCD-25NOV0910-T102999.99,2025-11-09T14:40:46.802062Z,0.78,1,yes,0a68bd64-2952-6e43-b2b2-50666e65b707
KXBTCD-25NOV0910-T102999.99,2025-11-09T14:40:45.539373Z,0.77,2,yes,ef14bb9d-2f09-4d38-43a3-dcf96089893a
KXBTCD-25NOV0910-T102999.99,2025-11-09T14:40:39.139192Z,0.74,2,yes,b1012f7d-bcab-785c-9acf-cb34c4a264e4
KXBTCD-25NOV0910-T102999.99,2025-11-09T14:40:38.141135Z,0.74,2,yes,4e7ee45f-ff97-5e69-9f53-ee4208898623
KXBTCD-25NOV0910-T102999.99,2025-11-09T14:40:36.575683Z,0.73,2,yes,5be7da91-598d-4a05-e187-a442f0ae0d30
KXBTCD-25NOV0910-T102999.99,2025-11-09T14:40:35.576152Z,0.74,2,yes,f933c314-cc76-590d-bb72-a39a03cfb9ba
KXBTCD-25NOV0910-T102999.99,2025-11-09T14:40:34.245728Z,0.74,2,yes,04b7422d-81c4-66d0-6ab3-a19bbd433f35
KXBTCD-25NOV0910-T102999.99,2025-11-09T14:40:11.400658Z,0.85,1,no,f1d73717-3de2-6107-596c-6db5d48b9023
KXBTCD-25NOV0910-T102999.99,2025-11-09T14:40:11.400658Z,0.85,1,no,5d0d988f-4b89-6e27-707f-18f920d8d07a
KXBTCD-25NOV0910-T102999.99,2025-11-09T14:37:35.307607Z,0.89,1,no,c2b12e92-d5f8-4945-951a-a267f58301d6
KXBTCD-25NOV0910-T102999.99,2025-11-09T14:36:00.585523Z,0.84,1,yes,98d219cc-8128-428d-b362-618685ced319
KXBTCD-25NOV0910-T102999.99,2025-11-09T14:35:31.234744Z,0.84,52,no,687dddaa-2b15-5459-3cb5-d9aabd3d3d2c
KXBTCD-25NOV0910-T102999.99,2025-11-09T14:35:15.046678Z,0.89,18,no,2fdbb3fb-cc4b-52fb-ff3d-5ad0c5245726
KXBTCD-25NOV0910-T102999.99,2025-11-09T14:34:51.770957Z,0.89,85,no,67bb641f-c805-6737-66b3-6beaa4ef6626
KXBTCD-25NOV0910-T102999.99,2025-11-09T14:34:50.167447Z,0.89,4,no,726777a4-fb51-79d7-5298-bcc048a7f906
KXBTCD-25NOV0910-T102999.99,2025-11-09T14:34:45.016943Z,0.9,200,yes,b994e68d-3760-7628-0e5e-7312c9a8044e
KXBTCD-25NOV0910-T102999.99,2025-11-09T14:34:34.183207Z,0.91,200,yes,6e701199-cf1c-73ca-5a16-9cb9cb106a18
KXBTCD-25NOV0910-T102999.99,2025-11-09T14:33:17.717748Z,0.9,1,no,21838a9c-a871-7456-e681-83e20db192f0
KXBTCD-25NOV0910-T102999.99,2025-11-09T14:33:15.228313Z,0.92,3,yes,b9f20f52-a9a5-5567-92ea-47dfa1a9229b
KXBTCD-25NOV0910-T102999.99,2025-11-09T14:31:54.431307Z,0.88,18,no,d64b7430-a3fc-55a8-92ab-c49980459ad8
KXBTCD-25NOV0910-T102999.99,2025-11-09T14:31:54.431307Z,0.9,2,no,34b5b16c-299a-5be0-a888-c2bb92b05e62
KXBTCD-25NOV0910-T102999.99,2025-11-09T14:30:26.384232Z,0.97,10,yes,10925473-7757-564c-f069-e3e7fcc32502
KXBTCD-25NOV0910-T102999.99,2025-11-09T14:30:05.328886Z,0.92,4,yes,929c9ccf-fac0-48d8-4e0a-1767a799fcf4
KXBTCD-25NOV0910-T102999.99,2025-11-09T14:30:05.194559Z,0.92,40,yes,28342ecb-cbc0-63a4-b782-40620b845ce4
KXBTCD-25NOV0910-T102999.99,2025-11-09T14:27:52.5297Z,0.84,1,no,f99fe7dc-b6df-7835-70b7-a8f41a95736c
KXBTCD-25NOV0910-T102999.99,2025-11-09T14:27:52.5297Z,0.84,1,no,b52e67e8-35c5-71a0-78c3-71061259aa63
KXBTCD-25NOV0910-T102999.99,2025-11-09T14:27:10.688345Z,0.81,1,no,14003365-2b17-74a7-369e-7e452ea24e2f
KXBTCD-25NOV0910-T102999.99,2025-11-09T14:27:10.190192Z,0.82,1,no,59d7e485-007f-5be8-dedc-ab41f20f16f9
KXBTCD-25NOV0910-T102999.99,2025-11-09T14:26:58.984449Z,0.85,40,yes,f6a7bb54-e0d6-4b74-95e0-da84f2789719
KXBTCD-25NOV0910-T102999.99,2025-11-09T14:26:58.984449Z,0.86,75,yes,93885b69-5c4d-4469-9290-8dfbcd6f5bab
KXBTCD-25NOV0910-T102999.99,2025-11-09T14:26:24.70435Z,0.82,1,no,9ed7bb62-55c1-4075-e1a0-da41212c7480
KXBTCD-25NOV0910-T102999.99,2025-11-09T14:25:54.52398Z,0.78,13,yes,5764cf56-793c-7425-ce9c-e0e04e454465
KXBTCD-25NOV0910-T102999.99,2025-11-09T14:25:53.463904Z,0.78,1,no,a00fab0c-7602-7640-7e14-89274727aac4
KXBTCD-25NOV0910-T102999.99,2025-11-09T14:25:53.463904Z,0.78,1,no,5cfada40-3835-7b53-4887-902c03141052
KXBTCD-25NOV0910-T102999.99,2025-11-09T14:25:42.367635Z,0.78,1,no,94af73c5-8ba7-5b09-701a-8e68faac3305
KXBTCD-25NOV0910-T102999.99,2025-11-09T14:25:42.367635Z,0.78,1,no,724af5cd-7390-56e9-5c50-2fbd2b826fe5
KXBTCD-25NOV0910-T102999.99,2025-11-09T14:25:27.929584Z,0.79,124,yes,23ba53e8-7106-6a53-abc4-5cc8673a81b1
KXBTCD-25NOV0910-T102999.99,2025-11-09T14:24:39.378329Z,0.71,55,yes,a875ed9c-5759-7f71-6380-f60edd9dd792
KXBTCD-25NOV0910-T102999.99,2025-11-09T14:24:02.718707Z,0.65,1,no,902d5a92-96f4-6edc-f25c-ed8134d79f07
KXBTCD-25NOV0910-T102999.99,2025-11-09T14:23:55.943721Z,0.63,77,yes,ba149dd5-86a7-4a70-0e64-18733fa39ed7
KXBTCD-25NOV0910-T102999.99,2025-11-09T14:23:36.232245Z,0.62,11,yes,19934926-9143-453b-51a8-86bd9f4f0266
KXBTCD-25NOV0910-T102999.99,2025-11-09T14:23:22.816734Z,0.63,1,no,befda537-2fdc-74c1-86cd-a72906670b0a
KXBTCD-25NOV0910-T102999.99,2025-11-09T14:23:22.816734Z,0.63,1,no,a92b6514-74a6-7aa8-b113-94d2f1a8d4d2
KXBTCD-25NOV0910-T102999.99,2025-11-09T14:23:22.816734Z,0.63,1,no,98ce67ff-54d0-7883-ae92-5e53d0dc7219
KXBTCD-25NOV0910-T102999.99,2025-11-09T14:23:22.816734Z,0.63,11,no,397fadb4-9c34-774f-881a-d56897090d43
KXBTCD-25NOV0910-T102999.99,2025-11-09T14:23:11.938983Z,0.63,7,yes,995cc90a-40c3-4075-00f0-ff4111ce30e6
KXBTCD-25NOV0910-T102999.99,2025-11-09T14:22:55.34695Z,0.62,1,no,39ab20a1-4c72-52a9-a540-62b0d3cee1d9
KXBTCD-25NOV0910-T102999.99,2025-11-09T14:22:55.34695Z,0.62,1,no,0a93e3cb-2f8a-5ea8-84a6-c48c3a121a38
KXBTCD-25NOV0910-T102999.99,2025-11-09T14:22:49.917418Z,0.63,1,no,eadd6b06-0308-494d-a91f-f741590408c0
KXBTCD-25NOV0910-T102999.99,2025-11-09T14:22:49.917418Z,0.63,1,no,8da42eb5-b72e-48a4-8c6c-85b2df4c514d
KXBTCD-25NOV0910-T102999.99,2025-11-09T14:22:31.179856Z,0.64,1,no,e1006a55-4ffa-7b10-a532-4524c2854616
KXBTCD-25NOV0910-T102999.99,2025-11-09T14:22:31.179856Z,0.64,1,no,22616d07-d72a-770c-9783-ae24e618b106
KXBTCD-25NOV0910-T102999.99,2025-11-09T14:22:25.170545Z,0.67,1,no,1458f0d0-ac2b-7275-4331-3f8d09772147
KXBTCD-25NOV0910-T102999.99,2025-11-09T14:22:24.595639Z,0.66,1,no,ac181cba-f8af-6526-6a3e-6216052ab7a4
KXBTCD-25NOV0910-T102999.99,2025-11-09T14:22:23.942381Z,0.67,1,no,b927c82e-2c89-6208-f481-0ada52ef8e23
KXBTCD-25NOV0910-T102999.99,2025-11-09T14:22:23.942381Z,0.67,1,no,221e2388-b08e-6ca1-e6e5-ca7ea831839c
KXBTCD-25NOV0910-T102999.99,2025-11-09T14:22:19.666799Z,0.68,1,no,19c5433e-8ab3-6467-cf45-8ce876f321f3
KXBTCD-25NOV0910-T102999.99,2025-11-09T14:22:09.429899Z,0.67,1,no,607c700b-d402-7e79-d33c-95b17c3b5235
KXBTCD-25NOV0910-T102999.99,2025-11-09T14:22:03.680426Z,0.66,1,no,aef4c7ca-3eab-440f-8567-fe78dae592be
KXBTCD-25NOV0910-T102999.99,2025-11-09T14:22:02.323675Z,0.65,1,no,573f7f43-1ebc-409a-0fe0-6a9817e84767
KXBTCD-25NOV0910-T102999.99,2025-11-09T14:21:58.790879Z,0.57,40,no,a98abe6c-805a-426c-768e-1d8b808c778b
KXBTCD-25NOV0910-T102999.99,2025-11-09T14:21:58.790879Z,0.56,240,no,587d5ff1-73c3-4751-7bb5-1a3cfdd53ac6
KXBTCD-25NOV0910-T102999.99,2025-11-09T14:21:58.790879Z,0.6,1,no,0cdd1d73-89c4-4226-7a1b-9453bc6dcb75
KXBTCD-25NOV0910-T102999.99,2025-11-09T14:21:55.272723Z,0.61,1,no,ef53406f-e067-650b-72b9-4ee7eaae2969
KXBTCD-25NOV0910-T102999.99,2025-11-09T14:21:55.272723Z,0.61,1,no,7b23f282-52bf-6ca1-6827-3927d3985ff0
KXBTCD-25NOV0910-T102999.99,2025-11-09T14:21:51.758278Z,0.62,1,no,ec2ff1d5-a063-4666-f21b-d6712b4b02e7
KXBTCD-25NOV0910-T102999.99,2025-11-09T14:21:49.945195Z,0.63,1,no,a563c3e3-141c-7061-766b-0efd8c0f858b
KXBTCD-25NOV0910-T102999.99,2025-11-09T14:21:48.757505Z,0.63,1,no,bcbf8f62-2e33-5b74-9ae4-882c20f03860
KXBTCD-25NOV0910-T102999.99,2025-11-09T14:21:41.609225Z,0.64,1,no,df0ba9cc-dbe8-6fd4-389f-4877dbc3e712
KXBTCD-25NOV0910-T102999.99,2025-11-09T14:21:40.199605Z,0.63,1,no,37814c46-ff21-778d-f5ff-176c0c21f3b3
KXBTCD-25NOV0910-T102999.99,2025-11-09T14:21:40.199605Z,0.63,1,no,1243b33b-5400-751f-e9ce-985d86f3dd1e
KXBTCD-25NOV0910-T102999.99,2025-11-09T14:21:36.175893Z,0.64,1,no,a6b44afc-2bad-61c2-137c-014092f8c827
KXBTCD-25NOV0910-T102999.99,2025-11-09T14:21:36.097172Z,0.65,14,yes,b455307d-5b62-7488-ce64-8bdb6f75f06f
KXBTCD-25NOV0910-T102999.99,2025-11-09T14:21:24.561101Z,0.65,1,no,819c7c69-0af8-72cd-60d1-1efa1b6e73cd
KXBTCD-25NOV0910-T102999.99,2025-11-09T14:21:24.561101Z,0.65,1,no,14213391-db87-7956-631b-6ffe76c6bd21
KXBTCD-25NOV0910-T102999.99,2025-11-09T14:21:17.685874Z,0.67,1,no,1a4b0380-fb26-416d-0157-82c45b86eaed
KXBTCD-25NOV0910-T102999.99,2025-11-09T14:21:17.367673Z,0.69,1,no,b148ad41-41f3-4fe0-a771-bb85346e013b
KXBTCD-25NOV0910-T102999.99,2025-11-09T14:21:06.160677Z,0.66,1,no,297cd83d-a788-4816-2919-ddd16ae2ca47
KXBTCD-25NOV0910-T102999.99,2025-11-09T14:20:52.276025Z,0.65,1,no,a8bfc646-4b6d-5c8a-ce14-9c990176f615
KXBTCD-25NOV0910-T102999.99,2025-11-09T14:20:52.113384Z,0.61,192,no,ec8762b8-f23a-4d57-0a42-49b9714c8380
KXBTCD-25NOV0910-T102999.99,2025-11-09T14:20:52.113384Z,0.63,1,no,3c38f2bf-aebd-475e-3f61-38fc963b43d4
KXBTCD-25NOV0910-T102999.99,2025-11-09T14:20:49.179608Z,0.64,1,no,4d08dd31-0366-5bc3-e0bb-7951a903e884
KXBTCD-25NOV0910-T102999.99,2025-11-09T14:20:47.190731Z,0.64,1,no,5d372c76-6069-4eb5-4d24-557308128dcf
KXBTCD-25NOV0910-T102999.99,2025-11-09T14:20:47.190731Z,0.64,1,no,0b27b0d6-85dc-4e3f-57c5-f2b3788cafa8
KXBTCD-25NOV0910-T102999.99,2025-11-09T14:20:40.267375Z,0.65,1,no,130557c8-823a-6076-6e7b-35c53d7dcf2f
KXBTCD-25NOV0910-T102999.99,2025-11-09T14:20:40.267375Z,0.65,1,no,01803bca-0044-6a38-72b3-6895541f30a5
KXBTCD-25NOV0910-T102999.99,2025-11-09T14:20:21.538735Z,0.67,1,no,4aa99b6a-3b5b-44b1-72f7-b4185c993fbc
KXBTCD-25NOV0910-T102999.99,2025-11-09T14:20:21.538735Z,0.67,1,no,458ec3f5-cb38-4ddf-66a1-915c9e41147f
KXBTCD-25NOV0910-T102999.99,2025-11-09T14:20:13.08457Z,0.68,1,no,0df233d8-754b-4689-9110-528ae4712930
KXBTCD-25NOV0910-T102999.99,2025-11-09T14:20:09.055975Z,0.69,50,yes,43ab3268-6604-54c0-ed64-4233fb7fd2bb
KXBTCD-25NOV0910-T102999.99,2025-11-09T14:20:05.780215Z,0.69,1,no,e842095e-9169-6ddb-0d3c-b01482240fd5
KXBTCD-25NOV0910-T102999.99,2025-11-09T14:20:05.780215Z,0.69,1,no,9dcf9093-fdb4-66e4-0ac7-e9c3e461961c
KXBTCD-25NOV0910-T102999.99,2025-11-09T14:20:05.780215Z,0.69,1,no,47ff5cb4-2986-6692-1bb5-800d241dadbf
KXBTCD-25NOV0910-T102999.99,2025-11-09T14:20:05.569209Z,0.7,139,yes,8bf4c1a0-ecd4-7588-675a-9f4558191f45
KXBTCD-25NOV0910-T102999.99,2025-11-09T14:20:02.186255Z,0.7,1,no,f9ad0313-c767-5177-8642-c5116069b14b
KXBTCD-25NOV0910-T102999.99,2025-11-09T14:20:01.681051Z,0.7,1,no,df74948d-9051-452e-8fcb-fdb8cfb73843
KXBTCD-25NOV0910-T102999.99,2025-11-09T14:19:57.587869Z,0.7,6,no,a38fe959-dceb-42cf-6e19-f50953aac79b
KXBTCD-25NOV0910-T102999.99,2025-11-09T14:19:54.437213Z,0.7,38,yes,c2ef9e06-28ce-7732-540d-ff69229c12c0
KXBTCD-25NOV0910-T102999.99,2025-11-09T14:19:49.446103Z,0.7,1,no,f8025317-8838-4a76-3975-54dd91251406
KXBTCD-25NOV0910-T102999.99,2025-11-09T14:19:49.446103Z,0.7,1,no,f23462bd-0665-4b84-0397-b12e850fdae3
KXBTCD-25NOV0910-T102999.99,2025-11-09T14:19:47.442979Z,0.72,40,yes,1e2a2a78-1994-539a-a3e7-19e78dbddbf3
KXBTCD-25NOV0910-T102999.99,2025-11-09T14:19:46.935293Z,0.72,142,no,655a2386-dcc7-7a18-54bf-ca83e8adbd36
KXBTCD-25NOV0910-T102999.99,2025-11-09T14:19:46.90164Z,0.72,1,no,9c0b9093-dbd6-51ad-f312-180e9d481793
KXBTCD-25NOV0910-T102999.99,2025-11-09T14:19:46.90164Z,0.72,358,no,8b948ede-82d7-5c2c-c0d3-c37ca699c00e
KXBTCD-25NOV0910-T102999.99,2025-11-09T14:19:46.90164Z,0.72,140,no,738675c6-3f4c-5ded-c1da-b8f210ae52ae
KXBTCD-25NOV0910-T102999.99,2025-11-09T14:19:46.90164Z,0.72,1,no,37838e97-4e7f-5ca0-f5ee-6e349f4de4a2
KXBTCD-25NOV0910-T102999.99,2025-11-09T14:19:43.066641Z,0.73,13,yes,b641f16d-45e1-6be2-6a70-a9a859b03dac
KXBTCD-25NOV0910-T102999.99,2025-11-09T14:19:39.932017Z,0.71,500,no,89cd8272-a13f-4ee6-a99d-099435e8e0b7
KXBTCD-25NOV0910-T102999.99,2025-11-09T14:19:32.39795Z,0.68,1,no,6f01be94-57d3-799a-4e91-daf6698fcb3c
KXBTCD-25NOV0910-T102999.99,2025-11-09T14:19:31.122214Z,0.69,1,no,23f5ed0b-a7aa-6a68-f1e2-a9779d960b8c
KXBTCD-25NOV0910-T102999.99,2025-11-09T14:19:31.122214Z,0.69,1,no,13dbecf4-7c0c-6da8-cdab-c4aec3d6e9f6
KXBTCD-25NOV0910-T102999.99,2025-11-09T14:19:28.252069Z,0.68,1,no,a4a623a4-aafc-56c6-7132-9672f3cc081a
KXBTCD-25NOV0910-T102999.99,2025-11-09T14:19:28.252069Z,0.67,1,no,65522f9b-9ae2-5812-6051-79b3e866bd68
KXBTCD-25NOV0910-T102999.99,2025-11-09T14:19:28.252069Z,0.68,1,no,3efdd32c-edff-5ce4-4cda-926747facad9
KXBTCD-25NOV0910-T102999.99,2025-11-09T14:19:09.819109Z,0.67,3,yes,01cd1689-2f1e-6c49-76bc-ab13887720c2
KXBTCD-25NOV0910-T102999.99,2025-11-09T14:19:05.031763Z,0.67,40,no,d34d3c3d-1999-6816-4837-7ff060a73540
KXBTCD-25NOV0910-T102999.99,2025-11-09T14:19:04.079725Z,0.67,500,no,db042a5c-a624-7f77-90fd-7bc43455ff7b
KXBTCD-25NOV0910-T102999.99,2025-11-09T14:18:14.346334Z,0.48,4,yes,b6bf2fb4-c881-7f79-62ae-3c853e8712dd
KXBTCD-25NOV0910-T102999.99,2025-11-09T14:18:09.450801Z,0.39,7,yes,719d4c71-90c7-6018-0d3a-e15c6a850920
KXBTCD-25NOV0910-T102999.99,2025-11-09T14:18:02.724795Z,0.39,40,no,6e4ee476-49ba-52e5-ecb2-c7041b920c4a
KXBTCD-25NOV0910-T102999.99,2025-11-09T14:18:02.724795Z,0.4,3,no,40676b90-e3ef-54d3-f6b8-f1aa8e3f7698
KXBTCD-25NOV0910-T102999.99,2025-11-09T14:18:02.525846Z,0.41,3,no,eb63c7b7-8339-7c5a-4bf0-43fb1bd26e94
KXBTCD-25NOV0910-T102999.99,2025-11-09T14:17:59.07462Z,0.41,3,no,a4815bde-954c-49ae-3fa2-815ab844f3c4
KXBTCD-25NOV0910-T102999.99,2025-11-09T14:17:59.07462Z,0.41,3,no,0bd1508e-dff0-4d28-1ff3-ed828d564634
KXBTCD-25NOV0910-T102999.99,2025-11-09T14:17:56.949996Z,0.42,3,no,65e65ee1-4996-78f7-bbed-6e4fe3f1d1d8
KXBTCD-25NOV0910-T102999.99,2025-11-09T14:17:55.041621Z,0.44,3,no,58b0b1c6-bc7a-4a41-8122-b473855d021a
KXBTCD-25NOV0910-T102999.99,2025-11-09T14:17:53.789899Z,0.43,3,no,d0a3aa9f-56c3-79ad-8461-403077de4818
KXBTCD-25NOV0910-T102999.99,2025-11-09T14:17:53.789899Z,0.43,3,no,9862d015-6e7e-783e-a04a-7bebeb9922fb
KXBTCD-25NOV0910-T102999.99,2025-11-09T14:17:46.312059Z,0.44,3,no,733d0f2b-78ef-503a-6488-617801a8f496
KXBTCD-25NOV0910-T102999.99,2025-11-09T14:17:46.312059Z,0.44,3,no,606ceb26-070e-5d07-5668-3444b743242d
KXBTCD-25NOV0910-T102999.99,2025-11-09T14:17:33.19176Z,0.43,3,no,2165d44e-96dd-6337-e5f6-43224082215b
KXBTCD-25NOV0910-T102999.99,2025-11-09T14:16:57.530821Z,0.57,15,yes,8dda83ea-2510-7d33-2797-d3e167e83806
KXBTCD-25NOV0910-T102999.99,2025-11-09T14:16:48.691994Z,0.6,2,yes,d727b33b-c1c2-5563-af7d-fa80001c99ba
KXBTCD-25NOV0910-T102999.99,2025-11-09T14:16:35.906569Z,0.59,10,yes,0f3e09c4-f4d1-570a-297f-3c1df9a2cfe1
KXBTCD-25NOV0910-T102999.99,2025-11-09T14:16:04.272676Z,0.51,1,no,652c4cb5-eb34-49ab-69ae-02861edd21f3
KXBTCD-25NOV0910-T102999.99,2025-11-09T14:15:46.916373Z,0.51,1,no,e34eaa15-5310-64f7-9e16-92db2a6a65aa
KXBTCD-25NOV0910-T102999.99,2025-11-09T14:14:58.908588Z,0.53,17,yes,7f967ebe-d3bc-58a0-a32a-e9e098397f6d
KXBTCD-25NOV0910-T102999.99,2025-11-09T14:14:58.694764Z,0.56,1,no,c398e7b7-30de-6e1d-3184-ac7c321aaf8b
KXBTCD-25NOV0910-T102999.99,2025-11-09T14:14:58.023472Z,0.56,1,no,5f1f8b0b-a7b1-6a11-e35f-ec5072342c43
KXBTCD-25NOV0910-T102999.99,2025-11-09T14:14:58.023472Z,0.53,48,no,18661d4c-64e9-68e7-efb7-38c6e1f762f6
KXBTCD-25NOV0910-T102999.99,2025-11-09T14:14:54.248196Z,0.56,3,yes,2bb07ca8-d03e-783c-56e5-d9189caa20f8
KXBTCD-25NOV0910-T102999.99,2025-11-09T14:14:23.631367Z,0.57,17,yes,e168cfa4-b68c-673d-9455-18e914b70c20
KXBTCD-25NOV0910-T102999.99,2025-11-09T14:13:41.096426Z,0.53,1,no,56bbea4b-73a3-7375-fe97-a37a0a138a24
KXBTCD-25NOV0910-T102999.99,2025-11-09T14:13:41.096426Z,0.54,1,no,4c9f3ad0-cf6d-701f-e6a2-eafa94fb98f9
KXBTCD-25NOV0910-T102999.99,2025-11-09T14:13:13.912971Z,0.53,1,no,0d955f81-a7fa-7869-6802-992fd72d46de
KXBTCD-25NOV0910-T102999.99,2025-11-09T14:12:59.827552Z,0.56,50,no,20403a11-0c5a-5256-453f-ea594230309c
KXBTCD-25NOV0910-T102999.99,2025-11-09T14:12:50.944319Z,0.6,40,no,4e0c21be-635a-5783-b3bd-fe56850a509f
KXBTCD-25NOV0910-T102999.99,2025-11-09T14:12:49.91126Z,0.61,200,no,84e1b0c8-761b-73a8-f179-a77311a6073c
KXBTCD-25NOV0910-T102999.99,2025-11-09T14:12:21.49697Z,0.5,3,no,8252e3a5-8759-6853-f2c9-5b2791ef61db
KXBTCD-25NOV0910-T102999.99,2025-11-09T14:11:35.107447Z,0.65,1,yes,ffa54b88-5e78-598c-1f71-b8663f968d1e
KXBTCD-25NOV0910-T102999.99,2025-11-09T14:11:28.445417Z,0.61,200,no,4749c8f1-0e4b-7235-b673-e62b228cf717
KXBTCD-25NOV0910-T102999.99,2025-11-09T14:11:23.300949Z,0.59,225,yes,d5f570d2-f9ee-502f-483f-3f87977f3144
KXBTCD-25NOV0910-T102999.99,2025-11-09T14:11:13.420803Z,0.54,85,yes,0a686668-e194-43d6-f23e-973d4fcca65e
KXBTCD-25NOV0910-T102999.99,2025-11-09T14:10:56.803126Z,0.52,18,yes,c135e53f-559a-498d-aa99-ad77b2028e94
KXBTCD-25NOV0910-T102999.99,2025-11-09T14:10:18.075034Z,0.5,193,yes,c02af3f0-2907-59e0-cd5e-0970c9b295a2
KXBTCD-25NOV0910-T102999.99,2025-11-09T14:09:23.436757Z,0.31,14,yes,8d6ae17c-3148-7a16-339b-c8abeaa810e1
KXBTCD-25NOV0910-T102999.99,2025-11-09T14:07:23.448999Z,0.17,22,no,e8ed8e00-c717-5b26-83b0-3f28aec042d4
KXBTCD-25NOV0910-T102999.99,2025-11-09T14:07:23.448999Z,0.18,28,no,34b8f6eb-3db4-582b-9ea4-74630d2dc75f
KXBTCD-25NOV0910-T102999.99,2025-11-09T14:05:20.600342Z,0.22,6,no,c63a8478-f15a-7615-aed9-a7a9306c0755
KXBTCD-25NOV0910-T102999.99,2025-11-09T14:05:01.049561Z,0.3,3,yes,b07a2e74-baee-7100-78eb-10b53c632bb5
KXBTCD-25NOV0910-T102999.99,2025-11-09T14:04:50.361307Z,0.31,30,yes,d9d15146-1318-7f16-2fad-4c22f281e546
KXBTCD-25NOV0910-T102999.99,2025-11-09T14:04:46.387875Z,0.34,14,yes,d1db620f-80b0-6a76-6a6f-41c363f80420
KXBTCD-25NOV0910-T102999.99,2025-11-09T14:04:41.348732Z,0.34,56,yes,f71a1c2a-a1d4-5dd6-3249-86158e380c84
KXBTCD-25NOV0910-T102999.99,2025-11-09T14:03:47.229839Z,0.29,480,yes,563ed957-fcd2-54aa-61c0-30ce6b2a1362
KXBTCD-25NOV0910-T102999.99,2025-11-09T14:03:42.061552Z,0.29,20,yes,3440d923-af92-5d8a-bce7-3accbe046116
KXBTCD-25NOV0910-T102999.99,2025-11-09T14:02:43.909269Z,0.31,200,no,5615c3e9-4311-72f9-c9d3-97a6e5e8d2f4
KXBTCD-25NOV0910-T102999.99,2025-11-09T14:02:43.204794Z,0.33,200,no,5e9add1a-f174-4a5f-6a70-68ac7b2d7c69
KXBTCD-25NOV0910-T102999.99,2025-11-09T14:02:40.158077Z,0.34,5,yes,c3293053-057e-6d64-ae34-c644a394ee83
KXBTCD-25NOV0910-T102999.99,2025-11-09T14:02:16.878479Z,0.34,40,no,84650eb6-3a3a-5d31-0214-f8f7688c1b79
KXBTCD-25NOV0910-T102999.99,2025-11-09T14:02:07.145739Z,0.34,56,yes,7e3aa3a7-dd2f-6de0-0e27-95d9037c88f0
KXBTCD-25NOV0910-T102999.99,2025-11-09T14:02:06.705746Z,0.34,200,yes,d59de334-88d6-4190-7622-b149c8c2b5e9
KXBTCD-25NOV0910-T102999.99,2025-11-09T14:02:06.705746Z,0.34,300,yes,2b631c3f-c6f7-4908-5090-2644a442a160
KXBTCD-25NOV0910-T102999.99,2025-11-09T14:02:06.681813Z,0.34,500,yes,a0b8f1ef-52f6-7850-0294-110471868eed
KXBTCD-25NOV0910-T102999.99,2025-11-09T14:02:00.675672Z,0.32,200,no,a891fc07-b09a-743b-c427-bce87a15811b
KXBTCD-25NOV0910-T102999.99,2025-11-09T14:01:25.554079Z,0.31,40,yes,575ab00b-d09a-7484-5e35-666120d2d659
KXBTCD-25NOV0910-T102999.99,2025-11-09T14:01:13.492791Z,0.28,5,no,5a1a64ff-622b-5144-6741-653fdaf8d671
