ticker,created_time,price,count,taker_side,trade_id
KXBTCD-25NOV0913-T103749.99,2025-11-09T17:59:33.433775Z,0.01,11,yes,51e6acc5-366f-4ef3-a1ea-d095b0356b8e
KXBTCD-25NOV0913-T103749.99,2025-11-09T17:58:25.519889Z,0.02,46,yes,edd37e37-3ec9-4988-9ec4-4b92aec00649
KXBTCD-25NOV0913-T103749.99,2025-11-09T17:58:21.359353Z,0.02,46,yes,97825d10-07e9-7727-96ad-8b6f366de53b
KXBTCD-25NOV0913-T103749.99,2025-11-09T17:56:39.518086Z,0.02,50,no,2357899f-c567-4482-d924-372bf6ea3fc5
KXBTCD-25NOV0913-T103749.99,2025-11-09T17:56:20.475806Z,0.04,37,yes,854539c9-53c6-7dbb-9e4d-e161930ac392
KXBTCD-25NOV0913-T103749.99,2025-11-09T17:56:14.330794Z,0.04,11,yes,661764ce-c505-6f2c-ccbf-14f6c070718e
KXBTCD-25NOV0913-T103749.99,2025-11-09T17:56:07.414522Z,0.05,1,yes,8e6e61e5-6f6c-4453-5ab8-0d5783542f31
KXBTCD-25NOV0913-T103749.99,2025-11-09T17:56:07.414522Z,0.05,92,yes,7dd0fb1a-2a29-40e8-7fba-74a07d95127c
KXBTCD-25NOV0913-T103749.99,2025-11-09T17:55:55.936445Z,0.02,51,no,3028050a-15d0-6b78-72f0-61d1d2970085
KXBTCD-25NOV0913-T103749.99,2025-11-09T17:55:53.928595Z,0.02,632,no,ceb3b0f6-a210-5788-82e0-b5b3c603133d
KXBTCD-25NOV0913-T103749.99,2025-11-09T17:55:53.928595Z,0.02,494,no,99911d0d-1ff7-5be4-b27c-84bf7ca45f19
KXBTCD-25NOV0913-T103749.99,2025-11-09T17:55:50.567505Z,0.05,66,yes,f7aa5411-b452-5c3b-c1d1-14063158c9d8
KXBTCD-25NOV0913-T103749.99,2025-11-09T17:55:37.567164Z,0.02,6,no,3716aba5-e0f7-7e60-b0e0-c14b6d97cf09
KXBTCD-25NOV0913-T103749.99,2025-11-09T17:55:35.201865Z,0.04,53,yes,640d0f25-93c2-6091-ec25-46cf39b6b9c0
KXBTCD-25NOV0913-T103749.99,2025-11-09T17:55:19.540903Z,0.06,56,yes,d703fbe5-65a7-7d11-681f-6e4c9ed43489
KXBTCD-25NOV0913-T103749.99,2025-11-09T17:55:19.540903Z,0.05,200,yes,4511d2c5-9cc1-7497-4d21-f6cbe8df826b
KXBTCD-25NOV0913-T103749.99,2025-11-09T17:55:19.09689Z,0.01,622,no,b9e6e781-570c-67e2-b0e9-2a22bc13d7e3
KXBTCD-25NOV0913-T103749.99,2025-11-09T17:55:19.09689Z,0.02,1,no,ada8f820-9e09-6768-b7f1-1f87873ed742
KXBTCD-25NOV0913-T103749.99,2025-11-09T17:55:19.09689Z,0.02,1,no,a2c32b12-a49c-60f7-9aa9-dda71d4137db
KXBTCD-25NOV0913-T103749.99,2025-11-09T17:55:19.09689Z,0.01,1,no,6f9c4426-c8c3-6a63-9f42-7f787221355b
KXBTCD-25NOV0913-T103749.99,2025-11-09T17:55:19.09689Z,0.02,500,no,26c8d06e-e31f-6f7f-b811-af3406083961
KXBTCD-25NOV0913-T103749.99,2025-11-09T17:55:19.09689Z,0.01,1,no,2258d455-de75-6dfc-ad84-68629a7fe143
KXBTCD-25NOV0913-T103749.99,2025-11-09T17:54:30.253773Z,0.05,47,no,fd1ed2c6-5ce3-79b4-1a58-b8e53f53a907
KXBTCD-25NOV0913-T103749.99,2025-11-09T17:54:27.446186Z,0.04,4,no,e9281bc0-f65f-4029-66d3-e9de53b16996
KXBTCD-25NOV0913-T103749.99,2025-11-09T17:54:11.340243Z,0.07,134,yes,87c38d2e-d2f7-5448-4648-3cfccb1eb811
KXBTCD-25NOV0913-T103749.99,2025-11-09T17:54:05.253193Z,0.12,30,yes,a3a45420-335b-66f8-3f8b-8c38dd1d8161
KXBTCD-25NOV0913-T103749.99,2025-11-09T17:54:05.253193Z,0.1,5,yes,6e55167e-3aba-6545-35dd-b71372a5bac3
KXBTCD-25NOV0913-T103749.99,2025-11-09T17:54:05.253193Z,0.1,5,yes,661a011c-df08-6431-3c3a-dcbbfe9f4816
KXBTCD-25NOV0913-T103749.99,2025-11-09T17:53:39.915146Z,0.08,117,yes,a23f3fe1-7310-664d-7685-f39733fb8500
KXBTCD-25NOV0913-T103749.99,2025-11-09T17:53:24.353102Z,0.06,10,no,98bac8b7-e6a5-7787-b749-4837c9e8bc0e
KXBTCD-25NOV0913-T103749.99,2025-11-09T17:53:17.905491Z,0.1,5,yes,f7cd97cd-2813-705c-1215-915f34e6024f
KXBTCD-25NOV0913-T103749.99,2025-11-09T17:53:17.905491Z,0.1,5,yes,c2a40c09-e2b5-7239-239f-d17508ab2b4b
KXBTCD-25NOV0913-T103749.99,2025-11-09T17:53:17.905491Z,0.11,27,yes,1a8d3839-6562-74ca-2c54-97bf39a0f997
KXBTCD-25NOV0913-T103749.99,2025-11-09T17:53:17.905491Z,0.11,5,yes,0c77ca35-032b-7f64-2b50-a9728eb5e5fb
KXBTCD-25NOV0913-T103749.99,2025-11-09T17:53:04.854064Z,0.06,177,no,e340531e-3369-4ad6-edb0-9daed0a3cff3
KXBTCD-25NOV0913-T103749.99,2025-11-09T17:53:04.854064Z,0.08,89,no,980f2381-9ef2-436b-e9c4-ff765b3c9994
KXBTCD-25NOV0913-T103749.99,2025-11-09T17:53:04.014834Z,0.08,11,no,0b961349-bae2-4a93-936c-6309298bc4d8
KXBTCD-25NOV0913-T103749.99,2025-11-09T17:52:43.737568Z,0.1,170,yes,0642d27c-25c0-56d6-b8ca-3d5a9e238a70
KXBTCD-25NOV0913-T103749.99,2025-11-09T17:52:23.14953Z,0.1,2,yes,78523fe5-55e9-60d5-9bb5-157bdbbe3d1f
KXBTCD-25NOV0913-T103749.99,2025-11-09T17:52:05.24625Z,0.14,5,yes,1ef16514-42bf-4f0a-f2b7-5a845c9e3bc9
KXBTCD-25NOV0913-T103749.99,2025-11-09T17:52:05.24625Z,0.14,1,yes,1db94389-78c8-4be2-f4a7-2e8565fac28c
KXBTCD-25NOV0913-T103749.99,2025-11-09T17:52:01.136929Z,0.14,5,yes,cc358f42-74b6-6d71-0c37-4097d7f95d24
KXBTCD-25NOV0913-T103749.99,2025-11-09T17:52:01.136929Z,0.14,5,yes,4d826f16-38e1-6db7-24c3-b9ce6b7a6afa
KXBTCD-25NOV0913-T103749.99,2025-11-09T17:51:56.711512Z,0.15,4,yes,e0eb3af4-bb8b-6f92-72ca-aae3b2a98ed4
KXBTCD-25NOV0913-T103749.99,2025-11-09T17:51:56.711512Z,0.15,4,yes,5c44b5a8-d2fd-6de4-60b5-556cd103a257
KXBTCD-25NOV0913-T103749.99,2025-11-09T17:51:56.711512Z,0.15,4,yes,565d3e75-6532-62b4-5bed-129186323166
KXBTCD-25NOV0913-T103749.99,2025-11-09T17:51:56.711512Z,0.15,15,yes,0d23c312-3d74-6375-741d-f801cb3b258a
KXBTCD-25NOV0913-T103749.99,2025-11-09T17:51:56.711512Z,0.16,150,yes,0c0d6cb6-3867-6df4-6722-3fcc168b02cb
KXBTCD-25NOV0913-T103749.99,2025-11-09T17:51:43.938391Z,0.13,170,no,f983cf6f-4059-625e-8db5-1f6cac14c581
KXBTCD-25NOV0913-T103749.99,2025-11-09T17:51:41.648006Z,0.16,15,yes,a144f67c-da60-470c-39b2-53672818707e
KXBTCD-25NOV0913-T103749.99,2025-11-09T17:51:41.648006Z,0.16,4,yes,915cbcd3-7614-496a-01d9-fe7ad08ab3ac
KXBTCD-25NOV0913-T103749.99,2025-11-09T17:51:41.648006Z,0.16,4,yes,47ea53d4-b64b-4ce1-234d-dfa82d72657a
KXBTCD-25NOV0913-T103749.99,2025-11-09T17:51:24.527526Z,0.13,5,yes,d9bc8f0d-d2c3-46f6-2eff-8dab82d97209
KXBTCD-25NOV0913-T103749.99,2025-11-09T17:51:24.527526Z,0.13,1,yes,859b75f7-e406-49b2-2dd2-21d3a45caf1d
KXBTCD-25NOV0913-T103749.99,2025-11-09T17:50:56.531123Z,0.12,38,no,f74732e6-1e37-5090-928c-1e8a9ae2f0d8
KXBTCD-25NOV0913-T103749.99,2025-11-09T17:50:56.531123Z,0.11,26,no,221586b6-5452-5cea-9793-09e6fc41af00
KXBTCD-25NOV0913-T103749.99,2025-11-09T17:50:52.879409Z,0.12,2,no,3c115995-a4f7-777c-4a1b-eda14513507c
KXBTCD-25NOV0913-T103749.99,2025-11-09T17:50:44.31758Z,0.12,9,no,85e5fb31-f2f5-68ee-4176-f73fd6a71a38
KXBTCD-25NOV0913-T103749.99,2025-11-09T17:50:40.802408Z,0.14,5,yes,7172240d-0d2c-7985-68b7-de834727b613
KXBTCD-25NOV0913-T103749.99,2025-11-09T17:50:40.802408Z,0.14,5,yes,5541806f-5f67-77b2-4f6a-281f782a0905
KXBTCD-25NOV0913-T103749.99,2025-11-09T17:50:40.802408Z,0.15,116,yes,304669e7-7e17-773f-64cb-ca89ba8f6157
KXBTCD-25NOV0913-T103749.99,2025-11-09T17:50:28.089263Z,0.13,9,no,cc0b2a6f-0c56-7ef1-9893-71e8ebf953e4
KXBTCD-25NOV0913-T103749.99,2025-11-09T17:50:25.092824Z,0.1,100,no,0195f69a-1b7c-725d-e73d-269638238f40
KXBTCD-25NOV0913-T103749.99,2025-11-09T17:50:24.839278Z,0.1,38,no,2aaab1ca-cab4-5c49-22f9-7104936873ac
KXBTCD-25NOV0913-T103749.99,2025-11-09T17:50:15.967483Z,0.11,228,no,b840fd4f-8c50-5587-2808-e4d42c3d4412
KXBTCD-25NOV0913-T103749.99,2025-11-09T17:50:15.967483Z,0.12,40,no,3fda4b71-726f-5b15-0998-bac85b0f4f2d
KXBTCD-25NOV0913-T103749.99,2025-11-09T17:50:09.424804Z,0.19,48,yes,2af62f99-d058-75b7-8c49-a4be1b70571e
KXBTCD-25NOV0913-T103749.99,2025-11-09T17:50:04.840312Z,0.16,29,no,2c6d6a33-4950-694d-7fb5-e0bd2ae35281
KXBTCD-25NOV0913-T103749.99,2025-11-09T17:49:45.554423Z,0.17,59,no,9f2214c7-ecb8-6f08-46dc-37d13fbea50b
KXBTCD-25NOV0913-T103749.99,2025-11-09T17:49:39.669317Z,0.17,113,no,944e3c95-f966-53ad-2f99-da34c6623fc6
KXBTCD-25NOV0913-T103749.99,2025-11-09T17:49:39.422246Z,0.17,8,no,843ef66d-a1c2-5b59-f5e9-b173223a3132
KXBTCD-25NOV0913-T103749.99,2025-11-09T17:49:31.570373Z,0.22,8,yes,ee46a3b4-550e-61bc-62e1-165c33433b63
KXBTCD-25NOV0913-T103749.99,2025-11-09T17:49:24.942674Z,0.22,40,yes,6353340d-044d-507c-cb9f-51880deffff9
KXBTCD-25NOV0913-T103749.99,2025-11-09T17:48:49.722878Z,0.28,200,yes,9e926c16-cd7f-5f29-c6b3-b76b6586569a
KXBTCD-25NOV0913-T103749.99,2025-11-09T17:48:49.722878Z,0.28,480,yes,8cc46bbd-f6b6-593f-e793-ffff1b2e7c03
KXBTCD-25NOV0913-T103749.99,2025-11-09T17:48:22.885229Z,0.19,487,no,ce1f29de-02ca-4574-1468-5663be30a30e
KXBTCD-25NOV0913-T103749.99,2025-11-09T17:48:13.319999Z,0.19,8,no,95c7cd5a-dfbd-55b4-925f-ed88309aa56d
KXBTCD-25NOV0913-T103749.99,2025-11-09T17:48:11.212475Z,0.19,4,yes,5cc23b24-acf4-7da9-b650-5bdc4a41b32e
KXBTCD-25NOV0913-T103749.99,2025-11-09T17:48:11.154823Z,0.19,4,yes,718e5071-c111-501c-fb93-49f343e95c9b
KXBTCD-25NOV0913-T103749.99,2025-11-09T17:48:08.654995Z,0.17,4,yes,8c572109-c337-63ec-41b9-a58af4dd451c
KXBTCD-25NOV0913-T103749.99,2025-11-09T17:47:54.595622Z,0.2,30,yes,ad32216f-42a5-69c6-a04e-42f6b33013f3
KXBTCD-25NOV0913-T103749.99,2025-11-09T17:47:54.595622Z,0.19,4,yes,9b2cdae6-d8de-6d64-91ee-ecc66abada7b
KXBTCD-25NOV0913-T103749.99,2025-11-09T17:47:54.595622Z,0.19,4,yes,769e898a-3b3a-663c-8e60-d5374507a695
KXBTCD-25NOV0913-T103749.99,2025-11-09T17:47:48.852308Z,0.22,1,yes,9e55d540-55a6-4932-b07d-7b7d40ec18c9
KXBTCD-25NOV0913-T103749.99,2025-11-09T17:47:48.852308Z,0.2,4,yes,9202bd49-8552-44e6-b7d9-87d4e8e9024f
KXBTCD-25NOV0913-T103749.99,2025-11-09T17:47:48.852308Z,0.2,4,yes,7342720f-e8da-49fe-a086-8fd0531d223c
KXBTCD-25NOV0913-T103749.99,2025-11-09T17:47:48.852308Z,0.2,4,yes,19a43d8f-3bea-4af7-9f86-ac2c4529268e
KXBTCD-25NOV0913-T103749.99,2025-11-09T17:47:32.049482Z,0.22,36,no,80cf437b-a2d6-5e66-6a2b-6432e99648a2
KXBTCD-25NOV0913-T103749.99,2025-11-09T17:47:17.561469Z,0.2,4,yes,ebec3f70-ae59-58a9-9c78-b0c7b233457b
KXBTCD-25NOV0913-T103749.99,2025-11-09T17:47:17.561469Z,0.2,4,yes,0af0a487-9d7a-5996-b2f5-aaa882128c96
KXBTCD-25NOV0913-T103749.99,2025-11-09T17:47:17.528528Z,0.19,4,yes,c53f4429-eb79-5b65-3fef-55e19d743f67
KXBTCD-25NOV0913-T103749.99,2025-11-09T17:47:07.12769Z,0.17,1,yes,827c4b79-3463-7fbf-b774-6a2bc48dd05c
KXBTCD-25NOV0913-T103749.99,2025-11-09T17:47:07.12769Z,0.17,4,yes,55f7d09f-ee31-7402-8dd9-af74988db3da
KXBTCD-25NOV0913-T103749.99,2025-11-09T17:46:47.15271Z,0.17,4,yes,6cfe614f-97e3-51bc-f6b7-960d0eb4eae6
KXBTCD-25NOV0913-T103749.99,2025-11-09T17:46:42.483583Z,0.19,249,yes,a457d3b3-c2cd-525d-2c21-ff53cf374492
KXBTCD-25NOV0913-T103749.99,2025-11-09T17:46:30.16844Z,0.18,4,yes,0ac9c672-bff1-4ad9-0e24-817283159159
KXBTCD-25NOV0913-T103749.99,2025-11-09T17:46:26.832902Z,0.21,4,yes,346e55ce-1a85-5229-3be2-5515ba42265d
KXBTCD-25NOV0913-T103749.99,2025-11-09T17:45:39.94721Z,0.15,35,yes,ced2dd5b-f7dc-45f7-310a-91912304f4ee
KXBTCD-25NOV0913-T103749.99,2025-11-09T17:45:23.349172Z,0.14,67,yes,fd43c406-b64c-66c3-5f50-71dbc08970a9
KXBTCD-25NOV0913-T103749.99,2025-11-09T17:45:11.775393Z,0.13,500,yes,78870b93-2041-71c8-2689-7ea9fab22661
KXBTCD-25NOV0913-T103749.99,2025-11-09T17:45:11.775393Z,0.14,474,yes,0b945d63-4662-751a-0b06-e0b92e9b2c83
KXBTCD-25NOV0913-T103749.99,2025-11-09T17:45:09.695975Z,0.09,1,no,874ea26e-7d65-51cc-9e6f-9685393caf2c
KXBTCD-25NOV0913-T103749.99,2025-11-09T17:45:06.919161Z,0.09,1,no,366a4ee1-047f-7fd6-0e66-f73ea874c8af
KXBTCD-25NOV0913-T103749.99,2025-11-09T17:44:59.157423Z,0.08,92,yes,f4cd9f0a-8245-589e-0590-47915d832a8c
KXBTCD-25NOV0913-T103749.99,2025-11-09T17:44:54.66224Z,0.07,66,no,defcb317-0c68-44c5-e864-577257f15515
KXBTCD-25NOV0913-T103749.99,2025-11-09T17:44:54.66224Z,0.07,100,no,273e91b2-7e41-46e4-d8ae-33f52b150e7f
KXBTCD-25NOV0913-T103749.99,2025-11-09T17:44:46.160364Z,0.08,8,yes,b405bcf8-df65-6546-e9f1-a50f198a88fc
KXBTCD-25NOV0913-T103749.99,2025-11-09T17:44:30.916482Z,0.1,11,yes,ad88bcc5-125d-4778-ee5b-61ef2c9c3761
KXBTCD-25NOV0913-T103749.99,2025-11-09T17:44:30.916482Z,0.09,40,yes,9346b904-ad0d-4f22-c9ae-2c8e5a5d9c7c
KXBTCD-25NOV0913-T103749.99,2025-11-09T17:44:14.507708Z,0.06,21,no,e34fbb22-78ff-5b94-07b0-e8e83f6e69da
KXBTCD-25NOV0913-T103749.99,2025-11-09T17:44:10.908417Z,0.08,108,no,1b711db5-0f74-5898-6a14-1a5618483266
KXBTCD-25NOV0913-T103749.99,2025-11-09T17:44:06.071988Z,0.1,470,yes,bddc29b6-e226-6b7e-8746-2f6834b53e01
KXBTCD-25NOV0913-T103749.99,2025-11-09T17:43:43.750004Z,0.12,500,yes,9f5db919-b405-4044-f849-7c8563f1fdff
KXBTCD-25NOV0913-T103749.99,2025-11-09T17:43:43.750004Z,0.14,500,yes,8d79e8ca-be41-4f8e-c0bc-d5e0189f7e50
KXBTCD-25NOV0913-T103749.99,2025-11-09T17:43:43.750004Z,0.14,1245,yes,85f72f35-2b4d-4905-dad2-b264ff50dfbc
KXBTCD-25NOV0913-T103749.99,2025-11-09T17:43:43.750004Z,0.12,5,yes,80dd77e1-2c74-468f-e012-c8eb6a7daa35
KXBTCD-25NOV0913-T103749.99,2025-11-09T17:43:43.750004Z,0.12,415,yes,64b2cc37-f163-4d19-c0b1-130d86775ee7
KXBTCD-25NOV0913-T103749.99,2025-11-09T17:43:43.750004Z,0.12,5,yes,1aeaa11e-6b90-4992-d10c-d33df701b82d
KXBTCD-25NOV0913-T103749.99,2025-11-09T17:43:43.750004Z,0.12,5,yes,0f06b564-5c0c-4028-dfe3-96c022c4e4c1
KXBTCD-25NOV0913-T103749.99,2025-11-09T17:43:43.750004Z,0.14,200,yes,0d0759b6-87ce-4368-db85-991895a2a0e5
KXBTCD-25NOV0913-T103749.99,2025-11-09T17:43:43.750004Z,0.14,500,yes,0269a173-0bd3-4316-d789-2bf0975a3e6a
KXBTCD-25NOV0913-T103749.99,2025-11-09T17:43:40.338085Z,0.12,78,yes,802235b5-7983-6f4d-5b6c-c0d7ba5424ef
KXBTCD-25NOV0913-T103749.99,2025-11-09T17:43:34.785894Z,0.08,500,no,89a85249-f0a9-6025-872e-b5ad51f3bb2b
KXBTCD-25NOV0913-T103749.99,2025-11-09T17:43:34.785894Z,0.08,63,no,88030e28-0972-6847-a062-19e5d2cdb033
KXBTCD-25NOV0913-T103749.99,2025-11-09T17:43:34.785894Z,0.07,163,no,6d9c7294-e8fc-6e3f-860c-4e64abd63b98
KXBTCD-25NOV0913-T103749.99,2025-11-09T17:43:29.424972Z,0.12,7,yes,ed53f57e-091f-4e81-04e4-a4b4a6da2fab
KXBTCD-25NOV0913-T103749.99,2025-11-09T17:43:25.250322Z,0.09,40,no,fac648ae-99fd-64b5-1c00-10e728700eca
KXBTCD-25NOV0913-T103749.99,2025-11-09T17:43:25.250322Z,0.09,200,no,f9ade704-ac55-6e28-3155-cfd8eb817609
KXBTCD-25NOV0913-T103749.99,2025-11-09T17:43:25.250322Z,0.08,54,no,2cd6348c-fd77-69be-2019-aff380b00014
KXBTCD-25NOV0913-T103749.99,2025-11-09T17:43:02.340724Z,0.14,5,yes,f9b319e6-3a58-508f-3f77-c9e1ea639733
KXBTCD-25NOV0913-T103749.99,2025-11-09T17:42:58.426274Z,0.14,40,yes,74e3e5a2-650c-6ab7-ff95-d4fd8bbf52fb
KXBTCD-25NOV0913-T103749.99,2025-11-09T17:41:59.178569Z,0.16,11,yes,c329acfc-0297-4f95-3463-0742d8864c5f
KXBTCD-25NOV0913-T103749.99,2025-11-09T17:41:52.96557Z,0.18,187,yes,f47b8361-5e73-7f86-8cac-1acbf8e17aae
KXBTCD-25NOV0913-T103749.99,2025-11-09T17:41:52.96557Z,0.18,40,yes,f2176ec0-eac1-7eec-98ea-9bd42605be78
KXBTCD-25NOV0913-T103749.99,2025-11-09T17:41:52.96557Z,0.18,35,yes,2f455f64-5078-7b6d-92da-e6d9766ea767
KXBTCD-25NOV0913-T103749.99,2025-11-09T17:41:43.397372Z,0.16,8,yes,ab2a199d-3c70-4123-2966-7d80cf163001
KXBTCD-25NOV0913-T103749.99,2025-11-09T17:41:42.843442Z,0.16,1,no,e989730c-882f-4ef4-0dc5-14ae2f2a8dc3
KXBTCD-25NOV0913-T103749.99,2025-11-09T17:41:42.085066Z,0.17,40,no,fe8b6e1a-fd84-751a-49d7-d9130a26cef1
KXBTCD-25NOV0913-T103749.99,2025-11-09T17:41:13.34881Z,0.26,26,no,c7492d27-4d53-7681-02e7-2c07c6effc7c
KXBTCD-25NOV0913-T103749.99,2025-11-09T17:41:13.34881Z,0.27,40,no,387ccdec-a168-7a77-3680-cb63259bc360
KXBTCD-25NOV0913-T103749.99,2025-11-09T17:40:47.545376Z,0.28,3,yes,b7adc51a-c1af-6ea5-7ae7-d6d5158718c9
KXBTCD-25NOV0913-T103749.99,2025-11-09T17:40:47.389547Z,0.27,36,yes,4e7b8a18-0f16-627c-3320-435753579658
KXBTCD-25NOV0913-T103749.99,2025-11-09T17:40:41.495832Z,0.24,3,yes,0bfb0cc7-583e-428c-b1a2-195e2c3af408
KXBTCD-25NOV0913-T103749.99,2025-11-09T17:39:58.855151Z,0.26,129,yes,96efcd46-0f6a-635c-9c40-9ee670f30dea
KXBTCD-25NOV0913-T103749.99,2025-11-09T17:39:55.773226Z,0.27,14,yes,def2a421-dfc6-46b8-1605-b580ee3692c8
KXBTCD-25NOV0913-T103749.99,2025-11-09T17:39:55.773226Z,0.26,3,yes,6551658d-e290-4c9a-06e0-f60e66dd9403
KXBTCD-25NOV0913-T103749.99,2025-11-09T17:39:30.383647Z,0.27,50,no,3892610d-9d04-728b-cb8b-c5130546a20c
KXBTCD-25NOV0913-T103749.99,2025-11-09T17:39:14.220105Z,0.27,18,no,93681136-580d-5eca-3f04-0900a1f54430
KXBTCD-25NOV0913-T103749.99,2025-11-09T17:38:42.410147Z,0.33,473,yes,ac072340-1b4b-590f-0476-45d803c1bbc9
KXBTCD-25NOV0913-T103749.99,2025-11-09T17:38:42.410147Z,0.32,69,yes,586a0fe7-e178-509b-242a-c4d164b238c0
KXBTCD-25NOV0913-T103749.99,2025-11-09T17:38:42.410147Z,0.32,40,yes,35a8305d-e909-53ac-238f-9b3313a4f08c
KXBTCD-25NOV0913-T103749.99,2025-11-09T17:38:30.014661Z,0.32,28,yes,54b28bdb-f2f5-665e-088f-97cd75c2c4fc
KXBTCD-25NOV0913-T103749.99,2025-11-09T17:38:08.601918Z,0.28,25,no,744595eb-5bb8-5eb7-6da5-b638c6919b44
KXBTCD-25NOV0913-T103749.99,2025-11-09T17:38:06.143422Z,0.3,2,no,f958b3de-9f47-634b-8c92-6a953f1cece4
KXBTCD-25NOV0913-T103749.99,2025-11-09T17:38:06.143422Z,0.3,2,no,1e4d2ce0-ddcf-686e-aad2-e31483b46dba
KXBTCD-25NOV0913-T103749.99,2025-11-09T17:37:30.691586Z,0.41,245,no,96688b45-1bc7-4b9f-441d-66daaa0577ab
KXBTCD-25NOV0913-T103749.99,2025-11-09T17:36:39.948684Z,0.51,18,yes,d50469ac-9751-5168-2595-d1539ace9244
KXBTCD-25NOV0913-T103749.99,2025-11-09T17:36:07.153748Z,0.51,25,yes,c648de98-18a3-7d60-2aa4-7367fc7d6cba
KXBTCD-25NOV0913-T103749.99,2025-11-09T17:35:53.702544Z,0.45,50,no,f9e224d1-bcf1-6adc-0eda-df0a201675d6
KXBTCD-25NOV0913-T103749.99,2025-11-09T17:35:53.702544Z,0.45,40,no,652dc8d1-afc4-6299-282b-e8a5e665e7fb
KXBTCD-25NOV0913-T103749.99,2025-11-09T17:35:53.702544Z,0.44,205,no,071ba380-1a1e-6bbc-0698-fba935da86f0
KXBTCD-25NOV0913-T103749.99,2025-11-09T17:35:29.315169Z,0.38,50,no,581a5dde-48a0-6a13-8661-548bf5c30f94
KXBTCD-25NOV0913-T103749.99,2025-11-09T17:35:29.315169Z,0.37,1,no,3761e318-1513-63cf-bdb5-4fbf92e60333
KXBTCD-25NOV0913-T103749.99,2025-11-09T17:35:22.94532Z,0.35,40,no,b7d077b4-2efb-554e-cde4-6b2a5f04f729
KXBTCD-25NOV0913-T103749.99,2025-11-09T17:35:22.94532Z,0.35,17,no,45ce859c-1892-5a7a-e608-ff53a1bc2c43
KXBTCD-25NOV0913-T103749.99,2025-11-09T17:35:05.503878Z,0.43,2,yes,7deda42c-f295-6367-5939-28823a692b78
KXBTCD-25NOV0913-T103749.99,2025-11-09T17:34:50.478119Z,0.52,135,yes,02089420-2ecb-50a7-a139-47e144b9dd1f
KXBTCD-25NOV0913-T103749.99,2025-11-09T17:34:27.208371Z,0.59,500,yes,8366878c-7191-7f1f-c321-51769f33e3c6
KXBTCD-25NOV0913-T103749.99,2025-11-09T17:34:27.208371Z,0.6,50,yes,3a80aadf-8f0a-76a9-dc27-42275257e12e
KXBTCD-25NOV0913-T103749.99,2025-11-09T17:34:27.208371Z,0.61,25,yes,22508770-4880-79df-e769-3ff8d61090ff
KXBTCD-25NOV0913-T103749.99,2025-11-09T17:33:52.775065Z,0.55,41,yes,e10809d1-3909-6903-73af-d0e73ec1ecb2
KXBTCD-25NOV0913-T103749.99,2025-11-09T17:33:52.640222Z,0.55,9,yes,9dfe9c12-0fa5-7a0b-e19a-bc105345988a
KXBTCD-25NOV0913-T103749.99,2025-11-09T17:33:50.034377Z,0.54,100,yes,3f39151f-d211-4d6f-c296-c10ba0f17758
KXBTCD-25NOV0913-T103749.99,2025-11-09T17:33:41.329576Z,0.54,7,yes,c386dd87-e8c5-4da3-7e2b-89b0e8917e2c
KXBTCD-25NOV0913-T103749.99,2025-11-09T17:33:09.218684Z,0.52,300,yes,c15f2faf-ba55-5931-f5e7-17e178143963
KXBTCD-25NOV0913-T103749.99,2025-11-09T17:33:08.668253Z,0.5,5,yes,fbe5950e-c8f7-7225-d347-617743096f32
KXBTCD-25NOV0913-T103749.99,2025-11-09T17:33:07.055526Z,0.5,38,yes,5f190042-389b-6bd5-41ed-b092e48e7c62
KXBTCD-25NOV0913-T103749.99,2025-11-09T17:33:05.870002Z,0.5,7,yes,316d8deb-c817-5945-509f-b19c24029f26
KXBTCD-25NOV0913-T103749.99,2025-11-09T17:32:38.840912Z,0.43,2,no,8b1e2bf9-b9ee-66da-c582-1b0118ece181
KXBTCD-25NOV0913-T103749.99,2025-11-09T17:32:37.759832Z,0.43,3,no,7f64a288-b650-4ed4-2efd-a077ca829689
KXBTCD-25NOV0913-T103749.99,2025-11-09T17:32:28.354706Z,0.42,22,yes,f9a01f42-53ca-77fd-e9f8-8719b7e6cc57
KXBTCD-25NOV0913-T103749.99,2025-11-09T17:32:28.354706Z,0.42,37,yes,9d34e63c-28f2-70f8-e244-7b12c99e27ac
KXBTCD-25NOV0913-T103749.99,2025-11-09T17:32:28.354706Z,0.42,500,yes,33d69cf5-b4ef-70f1-ca9d-19fe36e539dd
KXBTCD-25NOV0913-T103749.99,2025-11-09T17:32:23.089186Z,0.45,276,yes,f9c7a948-e126-672a-bc49-a73849884f6d
KXBTCD-25NOV0913-T103749.99,2025-11-09T17:32:23.089186Z,0.45,50,yes,2cda98fe-92ec-6dd8-8609-c1ec8878f1c9
KXBTCD-25NOV0913-T103749.99,2025-11-09T17:32:21.654231Z,0.42,22,no,5079fa69-f621-614c-0230-c9d1a4770b6f
KXBTCD-25NOV0913-T103749.99,2025-11-09T17:32:15.273354Z,0.42,14,no,aebc0397-faf3-4bfd-4eee-ed38458088c9
KXBTCD-25NOV0913-T103749.99,2025-11-09T17:31:52.80359Z,0.42,2,yes,ff8f0cb1-b6c3-5576-5334-6b7a76f77ef8
KXBTCD-25NOV0913-T103749.99,2025-11-09T17:31:38.965761Z,0.4,13,no,bbc8e563-5f69-5d69-dc61-a26586f18aa1
KXBTCD-25NOV0913-T103749.99,2025-11-09T17:31:37.309324Z,0.42,200,yes,f5036bb5-e6ac-41e2-f0cc-2bc74c850303
KXBTCD-25NOV0913-T103749.99,2025-11-09T17:31:37.020505Z,0.42,8,yes,b63cebb2-9314-6a12-9a71-0b68b2ee1d1f
KXBTCD-25NOV0913-T103749.99,2025-11-09T17:31:28.606581Z,0.4,50,yes,4c1102f8-155b-57d2-10b7-7236e70e9214
KXBTCD-25NOV0913-T103749.99,2025-11-09T17:30:47.365462Z,0.39,245,yes,9e4ae535-6f97-5248-f42c-426d7b54f07b
KXBTCD-25NOV0913-T103749.99,2025-11-09T17:30:43.81037Z,0.35,26,no,81bab2ef-db92-6b32-cc37-5327f622e816
KXBTCD-25NOV0913-T103749.99,2025-11-09T17:30:43.239448Z,0.38,460,yes,a227c0c3-1fe5-6590-1a65-e85076c74b9f
KXBTCD-25NOV0913-T103749.99,2025-11-09T17:30:43.239448Z,0.37,40,yes,1b62e954-3422-64dc-3f0e-1de193a883a9
KXBTCD-25NOV0913-T103749.99,2025-11-09T17:30:28.107784Z,0.36,2,yes,7879e534-0b74-61b9-ed9a-fc8bc32fb216
KXBTCD-25NOV0913-T103749.99,2025-11-09T17:29:35.660096Z,0.29,6,yes,9c9cffb3-0ed1-70e3-d441-6fe5bca13fe4
KXBTCD-25NOV0913-T103749.99,2025-11-09T17:29:35.660096Z,0.28,3,yes,2de0c7ee-3616-75e4-d258-22dd8627c47d
KXBTCD-25NOV0913-T103749.99,2025-11-09T17:29:10.388175Z,0.23,500,yes,c50c6677-df5e-7101-7404-cea036fcba31
KXBTCD-25NOV0913-T103749.99,2025-11-09T17:29:10.388175Z,0.24,500,yes,86343a5c-93de-7357-7b26-b7444ec09be8
KXBTCD-25NOV0913-T103749.99,2025-11-09T17:29:10.388175Z,0.25,199,yes,39c20e16-fd72-7728-69b0-75f345494d98
KXBTCD-25NOV0913-T103749.99,2025-11-09T17:28:54.610488Z,0.22,51,yes,06daee84-e066-53a4-3e1f-dee0db140f3d
KXBTCD-25NOV0913-T103749.99,2025-11-09T17:28:42.483866Z,0.22,191,no,a3888383-ff04-4104-6b9a-37a20df270f2
KXBTCD-25NOV0913-T103749.99,2025-11-09T17:27:02.792241Z,0.19,2,yes,9eb34993-266e-6c30-f555-b0e361d2e4e8
KXBTCD-25NOV0913-T103749.99,2025-11-09T17:27:02.792241Z,0.17,4,yes,6aee7033-a5ed-654f-c691-44b8ca64f43b
KXBTCD-25NOV0913-T103749.99,2025-11-09T17:27:02.792241Z,0.17,4,yes,591881aa-5454-611d-ca4a-f8fb7b4b2ae6
KXBTCD-25NOV0913-T103749.99,2025-11-09T17:26:17.222711Z,0.2,10,yes,4f6a7140-9b3a-7d3c-b6d2-e60163004871
KXBTCD-25NOV0913-T103749.99,2025-11-09T17:26:17.222711Z,0.21,12,yes,1b1a74e1-2ffb-7463-8627-eab371884ebc
KXBTCD-25NOV0913-T103749.99,2025-11-09T17:25:26.741911Z,0.16,50,no,c1eb6594-848a-5340-b029-143dc101e317
KXBTCD-25NOV0913-T103749.99,2025-11-09T17:23:46.18663Z,0.18,97,yes,a60659bd-97e2-6469-ef8c-2335eab59663
KXBTCD-25NOV0913-T103749.99,2025-11-09T17:23:46.18663Z,0.17,4,yes,5f546fb0-8c6f-6ed2-f2df-005770b22846
KXBTCD-25NOV0913-T103749.99,2025-11-09T17:23:46.18663Z,0.17,4,yes,293a0b61-c102-649a-d9d8-f8acfbc1d988
KXBTCD-25NOV0913-T103749.99,2025-11-09T17:23:44.220562Z,0.18,22,yes,ffb7cce3-21a6-60a1-0faf-3daf57a83433
KXBTCD-25NOV0913-T103749.99,2025-11-09T17:23:44.220562Z,0.17,4,yes,a50609d3-5a13-67f4-00cd-3c1c4783b88c
KXBTCD-25NOV0913-T103749.99,2025-11-09T17:22:02.847782Z,0.18,1,no,8a0b5015-2a23-6d96-a8f7-180f2efc3d5d
KXBTCD-25NOV0913-T103749.99,2025-11-09T17:22:02.847782Z,0.18,1,no,5b563d64-286e-6bca-ade7-a35388e123ef
KXBTCD-25NOV0913-T103749.99,2025-11-09T17:21:54.151552Z,0.2,9,yes,c4c0588c-630e-6486-1bf0-5a5609d2c1d2
KXBTCD-25NOV0913-T103749.99,2025-11-09T17:21:37.722426Z,0.2,4,yes,397453cd-2cb2-66aa-3d6e-4e79791d5e16
KXBTCD-25NOV0913-T103749.99,2025-11-09T17:21:25.087247Z,0.19,15,yes,0bf4cf3f-5782-7f61-2b0d-b97c3c98c769
KXBTCD-25NOV0913-T103749.99,2025-11-09T17:20:37.133761Z,0.13,40,yes,4319dd8a-5c41-6f4e-1635-c9f09eaf85e5
KXBTCD-25NOV0913-T103749.99,2025-11-09T17:20:12.518532Z,0.13,1,no,78f9ae2a-b3a1-746a-3e3c-5fd9dd820dba
KXBTCD-25NOV0913-T103749.99,2025-11-09T17:20:03.778917Z,0.2,1,yes,12c5b12a-5efd-5d67-4c50-31dd47ceb12d
KXBTCD-25NOV0913-T103749.99,2025-11-09T17:20:02.148491Z,0.21,407,yes,cb9b288a-4c13-639d-fba2-3e285c165dba
KXBTCD-25NOV0913-T103749.99,2025-11-09T17:20:02.148491Z,0.2,40,yes,9fa8f082-b9e1-60d8-d2cf-781afdeea693
KXBTCD-25NOV0913-T103749.99,2025-11-09T17:20:02.148491Z,0.21,4,yes,62c7dc21-356a-642c-f247-e8089fa0e078
KXBTCD-25NOV0913-T103749.99,2025-11-09T17:19:52.46299Z,0.2,4,yes,73430a14-7733-7b31-7f6c-524c9354d92e
KXBTCD-25NOV0913-T103749.99,2025-11-09T17:19:52.46299Z,0.2,4,yes,0cc1b717-c4e2-74ef-6194-823dc8138f1e
KXBTCD-25NOV0913-T103749.99,2025-11-09T17:19:38.042546Z,0.19,69,yes,7bd3fa4d-4915-713e-b57b-cf146b00b86d
KXBTCD-25NOV0913-T103749.99,2025-11-09T17:19:20.842126Z,0.2,4,yes,ba307e5d-73c4-43ee-b855-ccf6d94aedbf
KXBTCD-25NOV0913-T103749.99,2025-11-09T17:19:20.842126Z,0.2,1,yes,39323433-1b33-4d31-b23a-5e921f554b2b
KXBTCD-25NOV0913-T103749.99,2025-11-09T17:19:13.288785Z,0.19,4,yes,efa7990a-f48d-4be3-6d54-ed864be9678c
KXBTCD-25NOV0913-T103749.99,2025-11-09T17:19:13.288785Z,0.19,4,yes,cb654cc5-9bba-49c8-6f04-b2dec32b7e4c
KXBTCD-25NOV0913-T103749.99,2025-11-09T17:19:13.288785Z,0.2,37,yes,1b1bb2e8-930b-48d8-75a5-ca84baf07f39
KXBTCD-25NOV0913-T103749.99,2025-11-09T17:19:13.288785Z,0.21,2,yes,030de1b0-bd2f-478b-5475-8b10a4193ec3
KXBTCD-25NOV0913-T103749.99,2025-11-09T17:19:12.884219Z,0.17,100,no,de51739a-6e88-6515-205f-acf0a6b4ade4
KXBTCD-25NOV0913-T103749.99,2025-11-09T17:18:58.345066Z,0.19,100,no,103fe7e7-75ce-561f-370f-ed1ba272e72e
KXBTCD-25NOV0913-T103749.99,2025-11-09T17:18:55.743897Z,0.2,2,yes,37338363-684b-446c-ead5-4adba079c7f9
KXBTCD-25NOV0913-T103749.99,2025-11-09T17:18:51.211522Z,0.19,100,no,7b05f30a-499a-66e7-5ff7-adfaece8221e
KXBTCD-25NOV0913-T103749.99,2025-11-09T17:18:48.868666Z,0.2,47,yes,4a168f0d-356f-6210-9db3-323871b0f0e5
KXBTCD-25NOV0913-T103749.99,2025-11-09T17:18:44.396227Z,0.19,10,no,ddf7d96e-ffb2-4577-387c-49fcfdc5eeca
KXBTCD-25NOV0913-T103749.99,2025-11-09T17:18:38.510964Z,0.2,9,yes,384e2c96-b5e7-5da4-48c7-eaa64f1c4829
KXBTCD-25NOV0913-T103749.99,2025-11-09T17:18:38.06071Z,0.2,5,yes,f42f736d-0ec7-430c-b627-93bc4c8293ed
KXBTCD-25NOV0913-T103749.99,2025-11-09T17:18:30.898696Z,0.22,395,yes,f130cb74-61d1-4281-ddaa-8fd5b5178632
KXBTCD-25NOV0913-T103749.99,2025-11-09T17:18:30.898696Z,0.21,100,yes,cc47efa5-38a8-46f2-cc52-1cb3f9e69a5d
KXBTCD-25NOV0913-T103749.99,2025-11-09T17:18:30.898696Z,0.22,500,yes,4d164879-a6b1-4c81-cac6-59d852942f3e
KXBTCD-25NOV0913-T103749.99,2025-11-09T17:18:28.41585Z,0.19,100,no,c9824fae-a305-4299-d421-d6c3c1f5643c
KXBTCD-25NOV0913-T103749.99,2025-11-09T17:18:01.236038Z,0.23,100,yes,9899646e-1333-4714-52ed-748e1fc9798a
KXBTCD-25NOV0913-T103749.99,2025-11-09T17:17:59.199968Z,0.25,99,yes,78bec9c9-7626-704f-4dd8-570f6ecd2482
KXBTCD-25NOV0913-T103749.99,2025-11-09T17:17:59.199968Z,0.25,91,yes,4717cff4-22d0-7c05-7825-59acdfdf13e6
KXBTCD-25NOV0913-T103749.99,2025-11-09T17:17:52.869279Z,0.25,1,yes,d3bbac94-3f46-5fc3-9a4e-bb2aa2b5838e
KXBTCD-25NOV0913-T103749.99,2025-11-09T17:17:35.816216Z,0.24,100,no,3dc06728-f99d-6b36-347d-f23daba00ada
KXBTCD-25NOV0913-T103749.99,2025-11-09T17:17:27.841938Z,0.25,100,no,3277b50a-0e85-5b2d-69ea-ed4c6b33db35
KXBTCD-25NOV0913-T103749.99,2025-11-09T17:17:20.439163Z,0.26,20,no,a7ec59fd-adcb-6e96-9d53-6eb4536b3c8e
KXBTCD-25NOV0913-T103749.99,2025-11-09T17:17:12.802143Z,0.28,4,no,8dad1f45-485d-51f4-39ae-9df8f5212d35
KXBTCD-25NOV0913-T103749.99,2025-11-09T17:16:59.148087Z,0.31,60,yes,c8858f9b-70ef-7311-5cbc-3920d63c1c7d
KXBTCD-25NOV0913-T103749.99,2025-11-09T17:16:58.568423Z,0.3,3,yes,b41a4569-c44c-632f-55ff-a90a0c84668f
KXBTCD-25NOV0913-T103749.99,2025-11-09T17:16:58.568423Z,0.31,304,yes,93ba7928-e217-6449-7bf3-d9ac1bf0d211
KXBTCD-25NOV0913-T103749.99,2025-11-09T17:16:28.259178Z,0.33,15,yes,2cf02f21-038f-4483-db4f-a2a0e68d8bcb
KXBTCD-25NOV0913-T103749.99,2025-11-09T17:15:59.792729Z,0.33,57,yes,bcb886ff-40b3-5a3f-0b01-ab773411d61f
KXBTCD-25NOV0913-T103749.99,2025-11-09T17:15:08.558395Z,0.37,1,yes,f7418ec2-5376-6774-84d9-ae753e7a77b6
KXBTCD-25NOV0913-T103749.99,2025-11-09T17:15:08.558395Z,0.37,2,yes,51776501-9dc5-6889-87c3-593fc2c39be0
KXBTCD-25NOV0913-T103749.99,2025-11-09T17:15:08.558395Z,0.37,2,yes,1d78bc06-ab34-6e31-a568-d98d0a345b7a
KXBTCD-25NOV0913-T103749.99,2025-11-09T17:14:57.255203Z,0.32,100,no,5d16ee2a-45e3-57b2-7e80-f08cad2edd9d
KXBTCD-25NOV0913-T103749.99,2025-11-09T17:14:38.445547Z,0.33,14,yes,c124b388-3941-7473-0638-142c7e5943b8
KXBTCD-25NOV0913-T103749.99,2025-11-09T17:14:31.302218Z,0.29,16,no,13ee9ad1-e58c-6299-9a46-acc88da1e03b
KXBTCD-25NOV0913-T103749.99,2025-11-09T17:14:12.408935Z,0.36,50,yes,8a67b3ad-1edb-7a19-237e-3a9aacfd0224
KXBTCD-25NOV0913-T103749.99,2025-11-09T17:14:12.408935Z,0.37,14,yes,65f26ca7-9d6b-7b50-17ee-3975c8ebbb82
KXBTCD-25NOV0913-T103749.99,2025-11-09T17:13:46.501419Z,0.37,10,yes,1b7ac82d-69d3-63bd-5b39-451b51e0d060
KXBTCD-25NOV0913-T103749.99,2025-11-09T17:13:43.130657Z,0.38,25,yes,accff8a8-768c-766b-9b1d-a32c4e3e17c2
KXBTCD-25NOV0913-T103749.99,2025-11-09T17:13:40.988237Z,0.38,247,yes,e20153a0-fa68-4e0f-9d9b-6942182d0f82
KXBTCD-25NOV0913-T103749.99,2025-11-09T17:13:38.786427Z,0.38,5,yes,52d7c7c9-d2ec-6acf-3a5b-eab46df5b6ee
KXBTCD-25NOV0913-T103749.99,2025-11-09T17:13:38.71973Z,0.35,6,no,16154ff3-c149-594b-e13f-1e26945e9117
KXBTCD-25NOV0913-T103749.99,2025-11-09T17:13:31.270292Z,0.37,12,yes,ce3587bc-14e3-4294-49d5-ae9080b34f36
KXBTCD-25NOV0913-T103749.99,2025-11-09T17:13:27.878069Z,0.37,25,yes,63ba9951-5b99-7fc1-1ae6-85b3b2b3e97a
KXBTCD-25NOV0913-T103749.99,2025-11-09T17:13:24.509366Z,0.37,3,yes,e92790df-d961-4e4d-b68e-01e57ff8486e
KXBTCD-25NOV0913-T103749.99,2025-11-09T17:12:59.184898Z,0.38,15,yes,37d977df-395a-408b-1916-086a74246f84
KXBTCD-25NOV0913-T103749.99,2025-11-09T17:12:52.766418Z,0.35,1,no,14c3d16f-8f55-5880-fa10-674538ecf226
KXBTCD-25NOV0913-T103749.99,2025-11-09T17:12:25.678019Z,0.32,1,yes,550364b6-dee8-7d94-1e81-d7863877eaab
KXBTCD-25NOV0913-T103749.99,2025-11-09T17:12:19.038984Z,0.31,1,no,fbb168d0-d3d0-6161-150b-64023481f02d
KXBTCD-25NOV0913-T103749.99,2025-11-09T17:11:51.546244Z,0.3,2,no,9c4f6e2f-2bce-525c-4e30-ea48b3e1c58a
KXBTCD-25NOV0913-T103749.99,2025-11-09T17:11:51.546244Z,0.3,200,no,7acebd1d-38cf-588d-6251-e64dcbd78d94
KXBTCD-25NOV0913-T103749.99,2025-11-09T17:11:51.546244Z,0.3,2,no,098dfb52-2b92-526b-6cd8-e0bdf9e2bf76
KXBTCD-25NOV0913-T103749.99,2025-11-09T17:11:47.54241Z,0.31,3,no,aaf8428d-3128-5f29-1bcd-f708561a51ec
KXBTCD-25NOV0913-T103749.99,2025-11-09T17:11:41.174105Z,0.31,50,no,97d77e61-7f08-53a6-7a04-38f09b3b76da
KXBTCD-25NOV0913-T103749.99,2025-11-09T17:11:41.174105Z,0.31,19,no,71a7f68f-f67f-5abc-574c-07d385340ca1
KXBTCD-25NOV0913-T103749.99,2025-11-09T17:11:40.371003Z,0.32,25,yes,c985822c-de60-788e-03a5-01c6e3e397ec
KXBTCD-25NOV0913-T103749.99,2025-11-09T17:11:39.172381Z,0.32,57,yes,ee94d1e1-7a6c-43e6-046b-942368d31f88
KXBTCD-25NOV0913-T103749.99,2025-11-09T17:11:39.014789Z,0.32,289,yes,3f0a642a-db04-7ec6-e21a-fedccbeda5c8
KXBTCD-25NOV0913-T103749.99,2025-11-09T17:11:34.918935Z,0.35,50,no,b5832643-fe49-7474-f3db-67342a0cb835
KXBTCD-25NOV0913-T103749.99,2025-11-09T17:11:34.320714Z,0.37,3,no,7a96320d-a899-6591-13e2-3b663fa57186
KXBTCD-25NOV0913-T103749.99,2025-11-09T17:11:34.046419Z,0.4,42,no,350cf402-451a-70cc-5a37-db2f8a4f1eb9
KXBTCD-25NOV0913-T103749.99,2025-11-09T17:11:05.949347Z,0.4,8,no,2554f4c1-631a-48cc-2722-80b6c30ebcb5
KXBTCD-25NOV0913-T103749.99,2025-11-09T17:10:10.883946Z,0.43,1,yes,83e64aa3-bef2-4c44-bdfb-6a11ecf00c7a
KXBTCD-25NOV0913-T103749.99,2025-11-09T17:09:44.291875Z,0.44,2,yes,ebbe681a-0234-6905-4c2a-ebd5088e9a92
KXBTCD-25NOV0913-T103749.99,2025-11-09T17:09:10.864435Z,0.45,213,yes,916338cd-83cd-7bde-f746-3ddeb1eb0c6c
KXBTCD-25NOV0913-T103749.99,2025-11-09T17:08:20.036571Z,0.44,28,yes,427f1156-bfec-4e83-4219-c6d298a49235
KXBTCD-25NOV0913-T103749.99,2025-11-09T17:07:48.571063Z,0.42,3,no,38458297-f3e4-40b7-d563-0d3be814f179
KXBTCD-25NOV0913-T103749.99,2025-11-09T17:07:43.284669Z,0.42,3,no,455764f1-6f0d-4e5c-2a4e-bdf984547b93
KXBTCD-25NOV0913-T103749.99,2025-11-09T17:07:38.601004Z,0.44,3,no,4d3cbf9b-73ae-6499-bed9-6af7e984138e
KXBTCD-25NOV0913-T103749.99,2025-11-09T17:07:37.965705Z,0.46,5,yes,5be49551-4f9b-441d-9dc5-7a83667e3483
KXBTCD-25NOV0913-T103749.99,2025-11-09T17:07:25.688283Z,0.48,20,yes,a3b7bb55-d2dc-625e-b8ad-a3d9a5e5c6a9
KXBTCD-25NOV0913-T103749.99,2025-11-09T17:07:03.384737Z,0.51,75,no,f5a3f418-6918-6ee7-0254-f543a4efbd2c
KXBTCD-25NOV0913-T103749.99,2025-11-09T17:07:02.839809Z,0.52,100,no,8ae23444-8b61-4dbd-789f-8051dadcfd79
KXBTCD-25NOV0913-T103749.99,2025-11-09T17:06:49.834311Z,0.52,25,no,0be9a12a-2628-4d57-a722-bd9d1b4eb210
KXBTCD-25NOV0913-T103749.99,2025-11-09T17:06:31.544505Z,0.52,1,no,6944324c-8116-682e-6db5-43c6ea2fa2ba
KXBTCD-25NOV0913-T103749.99,2025-11-09T17:06:19.037861Z,0.52,4,no,507b44d0-5e74-61fa-7768-6c6bf872c761
KXBTCD-25NOV0913-T103749.99,2025-11-09T17:05:57.586452Z,0.5,25,no,43868197-409a-743e-e260-0485e5847f1e
KXBTCD-25NOV0913-T103749.99,2025-11-09T17:05:48.632711Z,0.49,23,no,ab6f7124-5fcf-497d-793c-6d01b39ad009
KXBTCD-25NOV0913-T103749.99,2025-11-09T17:05:48.632711Z,0.5,1,no,87932abe-87c0-46fb-64d4-e98afbf01d1c
KXBTCD-25NOV0913-T103749.99,2025-11-09T17:05:48.632711Z,0.5,1,no,4f4f5fd8-2d33-4df4-7ebc-8ae00e097f1a
KXBTCD-25NOV0913-T103749.99,2025-11-09T17:05:41.076352Z,0.49,24,no,c2d00893-4912-7b0e-6d4d-bc8efde3ef78
KXBTCD-25NOV0913-T103749.99,2025-11-09T17:05:41.076352Z,0.5,1,no,bb6c78f0-1213-7106-725d-9cf18fe2da05
KXBTCD-25NOV0913-T103749.99,2025-11-09T17:05:24.9158Z,0.51,113,yes,8d0550a4-f006-7691-237b-d08a3e8c95b1
KXBTCD-25NOV0913-T103749.99,2025-11-09T17:05:08.977302Z,0.5,10,yes,15f39a82-9bd1-497f-77f2-698a50055363
KXBTCD-25NOV0913-T103749.99,2025-11-09T17:04:49.105489Z,0.45,10,no,b7e7c6b8-6a9a-448d-c52a-cb08320ee5b5
KXBTCD-25NOV0913-T103749.99,2025-11-09T17:04:49.105489Z,0.45,3,no,0ebff302-69c5-40b4-faec-e707dc6714ef
KXBTCD-25NOV0913-T103749.99,2025-11-09T17:04:48.998659Z,0.45,40,no,c7f4c63b-b0ee-4af5-802b-dddcf9a74dc5
KXBTCD-25NOV0913-T103749.99,2025-11-09T17:04:28.198854Z,0.47,3,no,832401e4-36bc-6fc1-0471-a6511c145390
KXBTCD-25NOV0913-T103749.99,2025-11-09T17:04:27.492439Z,0.5,50,no,7f6be017-6343-5a7b-1b3a-d868098deab8
KXBTCD-25NOV0913-T103749.99,2025-11-09T17:04:27.492439Z,0.5,300,no,72794ab4-6659-5afa-25ed-6b5dcb824722
KXBTCD-25NOV0913-T103749.99,2025-11-09T17:04:22.20435Z,0.51,40,no,57ac52fe-4ebb-6caa-8b39-4cf31b17fb2f
KXBTCD-25NOV0913-T103749.99,2025-11-09T17:04:16.023761Z,0.55,10,no,2347eefa-1a93-7332-0b02-8ddb1d69ec00
KXBTCD-25NOV0913-T103749.99,2025-11-09T17:04:15.361032Z,0.55,40,no,a3ba4e75-5547-602e-21c4-1e4e38f5a830
KXBTCD-25NOV0913-T103749.99,2025-11-09T17:04:06.062258Z,0.61,1,no,c919c739-d5e5-5fe2-4207-fdb7637f11c9
KXBTCD-25NOV0913-T103749.99,2025-11-09T17:03:59.845123Z,0.62,1,no,4f84a511-c5d1-542e-b690-cc685c478a54
KXBTCD-25NOV0913-T103749.99,2025-11-09T17:03:59.845123Z,0.62,1,no,4f53f154-d59d-55d6-bf44-a84ffbb67bd1
KXBTCD-25NOV0913-T103749.99,2025-11-09T17:03:57.786211Z,0.63,1,no,db8d5f94-03c7-66f9-88e8-f7757d5f7057
KXBTCD-25NOV0913-T103749.99,2025-11-09T17:03:56.759071Z,0.63,1,no,a9deca71-228a-604d-e1e9-36bc02c277de
KXBTCD-25NOV0913-T103749.99,2025-11-09T17:03:55.620115Z,0.64,1,no,f083e588-cb2c-53f5-6317-13e60acff3ad
KXBTCD-25NOV0913-T103749.99,2025-11-09T17:03:54.542118Z,0.64,1,no,7d79aaf7-b055-48a2-393b-e30d73041628
KXBTCD-25NOV0913-T103749.99,2025-11-09T17:03:53.049726Z,0.65,1,no,98bc4f26-14d9-63df-ba08-3d51ff2fc845
KXBTCD-25NOV0913-T103749.99,2025-11-09T17:03:52.658814Z,0.64,1,no,989cd1f8-bc51-5721-b6c5-d43d47fa27a8
KXBTCD-25NOV0913-T103749.99,2025-11-09T17:03:48.527034Z,0.65,1,no,b770d880-c82a-563f-9584-313c0ec2539e
KXBTCD-25NOV0913-T103749.99,2025-11-09T17:03:42.929396Z,0.61,1,no,fda38fe5-d56a-609c-4519-ad62d0ebb004
KXBTCD-25NOV0913-T103749.99,2025-11-09T17:03:42.929396Z,0.61,1,no,b93bbe56-24d0-6510-4f14-63282aec4fcb
KXBTCD-25NOV0913-T103749.99,2025-11-09T17:03:40.825445Z,0.62,1,no,08cf2146-874e-7fb3-6f90-6fefbee5767a
KXBTCD-25NOV0913-T103749.99,2025-11-09T17:03:40.538781Z,0.64,10,yes,2a78095f-9d30-41e9-66c3-3264625a7bc4
KXBTCD-25NOV0913-T103749.99,2025-11-09T17:03:39.76371Z,0.62,1,no,fefb91fc-bc2d-67e8-61f5-213d34fca4ca
KXBTCD-25NOV0913-T103749.99,2025-11-09T17:03:39.6783Z,0.63,1,no,a887fa07-9be8-7c19-745b-1099c6ece9ed
KXBTCD-25NOV0913-T103749.99,2025-11-09T17:03:37.689958Z,0.63,1,no,db2b3fbf-1868-7d8b-6499-e19b24c22b39
KXBTCD-25NOV0913-T103749.99,2025-11-09T17:03:34.47446Z,0.65,1,no,52da494d-381a-74d6-d445-d5b353b43d95
KXBTCD-25NOV0913-T103749.99,2025-11-09T17:03:33.373636Z,0.65,1,no,d8e21991-b248-50d7-2a40-cc3bbb484fec
KXBTCD-25NOV0913-T103749.99,2025-11-09T17:03:32.302344Z,0.65,1,no,799b5964-1c1b-419a-c2da-274704547d0f
KXBTCD-25NOV0913-T103749.99,2025-11-09T17:03:31.291675Z,0.65,1,no,0f363e8f-3d5f-7a93-59f2-6fa5e2462c18
KXBTCD-25NOV0913-T103749.99,2025-11-09T17:03:29.509248Z,0.66,1,no,d09ab8e5-ac18-6df9-bae8-333f9f4462c4
KXBTCD-25NOV0913-T103749.99,2025-11-09T17:03:26.104461Z,0.67,1,no,b0caf853-b6b9-4c74-005a-37d5d1197689
KXBTCD-25NOV0913-T103749.99,2025-11-09T17:03:26.104461Z,0.67,1,no,25420687-6a51-4110-29ab-68bbbd4763c9
KXBTCD-25NOV0913-T103749.99,2025-11-09T17:03:22.885227Z,0.68,1,no,ae6c4198-97e4-6a76-4c7d-5a8aa77ccee5
KXBTCD-25NOV0913-T103749.99,2025-11-09T17:03:22.885227Z,0.68,1,no,08355746-a8a2-632e-7b67-266007ba4cfc
KXBTCD-25NOV0913-T103749.99,2025-11-09T17:03:09.777263Z,0.69,1,no,7a41c36b-a556-62b0-237f-459cbf417b90
KXBTCD-25NOV0913-T103749.99,2025-11-09T17:03:07.629928Z,0.69,1,no,76195f42-6888-6429-523a-bcff36c439b0
KXBTCD-25NOV0913-T103749.99,2025-11-09T17:02:53.423221Z,0.64,206,no,a835cc0f-6944-4917-cab2-cf8b6b8186ac
KXBTCD-25NOV0913-T103749.99,2025-11-09T17:02:53.423221Z,0.65,50,no,48799bc4-718d-4a3d-d426-23b9533f0e54
KXBTCD-25NOV0913-T103749.99,2025-11-09T17:02:37.648018Z,0.68,35,yes,12f62729-c640-5a17-54d3-f464d44e3ef2
KXBTCD-25NOV0913-T103749.99,2025-11-09T17:02:11.132925Z,0.66,200,yes,edd74594-1cfa-5efb-bab5-27a2e51172c9
KXBTCD-25NOV0913-T103749.99,2025-11-09T17:02:11.132925Z,0.65,50,yes,c7bf8ea4-1bc1-56eb-b723-7b5b4c5e38bf
KXBTCD-25NOV0913-T103749.99,2025-11-09T17:02:11.132925Z,0.68,500,yes,c0df459e-4413-5574-9873-6536531c6a67
KXBTCD-25NOV0913-T103749.99,2025-11-09T17:02:11.132925Z,0.69,119,yes,0f3b52d9-7992-5d64-a189-2d93976e7f4f
KXBTCD-25NOV0913-T103749.99,2025-11-09T17:02:07.744282Z,0.64,50,yes,62a90135-6734-61a9-8058-7216db3f95cd
KXBTCD-25NOV0913-T103749.99,2025-11-09T17:01:17.51458Z,0.6,8,yes,034f2751-a7c9-56f3-05bd-291a9bdb736f
KXBTCD-25NOV0913-T103749.99,2025-11-09T17:01:00.126858Z,0.74,9,yes,0b256b74-4e7d-5cff-3bf8-a7aa29ea3457
KXBTCD-25NOV0913-T103749.99,2025-11-09T17:00:58.885485Z,0.74,16,yes,b9c3fc9e-5511-71a7-e648-c476bd1b1aaf
