ticker,created_time,price,count,taker_side,trade_id
KXBTCD-25NOV0912-T103999.99,2025-11-09T16:58:29.110472Z,0.01,1,no,4a1ca1ce-25d2-7c9a-7ddb-05bbb60061e1
KXBTCD-25NOV0912-T103999.99,2025-11-09T16:58:25.116176Z,0.01,1,no,457bfff8-84c0-6c91-6f95-3ce607c7fced
KXBTCD-25NOV0912-T103999.99,2025-11-09T16:58:23.097408Z,0.01,1,no,a71168cb-4d4e-5bc2-5cc8-3b0067146386
KXBTCD-25NOV0912-T103999.99,2025-11-09T16:58:23.097408Z,0.01,1,no,27caa09a-8093-54f6-79fc-644c42bf5000
KXBTCD-25NOV0912-T103999.99,2025-11-09T16:57:52.5917Z,0.06,10,yes,5042fc77-4f3f-7126-ce4a-0ae8c99efe12
KXBTCD-25NOV0912-T103999.99,2025-11-09T16:57:47.8702Z,0.02,1,no,bf1af21d-2561-5180-609a-84f1d6f02651
KXBTCD-25NOV0912-T103999.99,2025-11-09T16:57:47.8702Z,0.02,2036,no,6c1d1908-3024-5e3d-6471-07b614da9a4c
KXBTCD-25NOV0912-T103999.99,2025-11-09T16:57:32.615316Z,0.06,1,no,cfe32c2c-5cc9-40db-52d7-c2d649685071
KXBTCD-25NOV0912-T103999.99,2025-11-09T16:57:32.615316Z,0.05,81,no,69404fa1-ee97-4e9b-526e-e63f5ba71255
KXBTCD-25NOV0912-T103999.99,2025-11-09T16:57:32.615316Z,0.08,1,no,15f30486-4eaf-4184-6440-9fab108e6868
KXBTCD-25NOV0912-T103999.99,2025-11-09T16:57:27.744079Z,0.06,59,no,43b05fdb-2c3e-5bab-45ed-cda12c61cfd8
KXBTCD-25NOV0912-T103999.99,2025-11-09T16:57:27.744079Z,0.09,1,no,41ac68f6-3134-5893-4398-d1c760961fec
KXBTCD-25NOV0912-T103999.99,2025-11-09T16:57:27.744079Z,0.09,1,no,0c79446f-5b05-5b9f-4f59-9dbde6663b52
KXBTCD-25NOV0912-T103999.99,2025-11-09T16:57:24.383225Z,0.06,98,no,e05e82cf-18ae-6e1c-a3d9-59d429c01de1
KXBTCD-25NOV0912-T103999.99,2025-11-09T16:57:24.081784Z,0.05,200,yes,d302602c-eef8-616b-c8fe-5a5f5135e94e
KXBTCD-25NOV0912-T103999.99,2025-11-09T16:57:20.399333Z,0.01,1,no,b326a758-b73d-6bfb-1fef-f8ac074b4e4c
KXBTCD-25NOV0912-T103999.99,2025-11-09T16:57:20.399333Z,0.01,1,no,3090ae88-5ec5-6d36-3af9-77929fb9a4b6
KXBTCD-25NOV0912-T103999.99,2025-11-09T16:56:16.305662Z,0.04,49,no,a47853cb-ef4f-5b6c-6f03-6421ab6112f2
KXBTCD-25NOV0912-T103999.99,2025-11-09T16:56:16.305662Z,0.04,200,no,a1f7ead4-8011-58db-615b-eb95f553ee47
KXBTCD-25NOV0912-T103999.99,2025-11-09T16:55:54.099869Z,0.04,1,no,a9b38798-8e5d-6c06-0617-86ae94f09179
KXBTCD-25NOV0912-T103999.99,2025-11-09T16:55:46.049099Z,0.04,1,no,10f7fb9f-f2b5-6624-4764-2cd9951fcd83
KXBTCD-25NOV0912-T103999.99,2025-11-09T16:55:24.11054Z,0.06,30,no,312d0fba-7428-7885-ef35-a4d1b7e01772
KXBTCD-25NOV0912-T103999.99,2025-11-09T16:54:56.112324Z,0.05,359,no,a9ef16fb-6ef9-6189-6629-f142e2779938
KXBTCD-25NOV0912-T103999.99,2025-11-09T16:54:56.112324Z,0.06,40,no,89239d96-4370-6ae9-403a-488832c6b801
KXBTCD-25NOV0912-T103999.99,2025-11-09T16:54:28.675967Z,0.1,58,yes,45e2296b-fd32-4463-9e35-559d660b2a42
KXBTCD-25NOV0912-T103999.99,2025-11-09T16:54:28.675967Z,0.09,40,yes,24728ca9-9633-4eff-b2bb-f86a31f2c94b
KXBTCD-25NOV0912-T103999.99,2025-11-09T16:54:22.278752Z,0.07,21,no,7c707610-590f-76f0-fbda-ced2e121e0e5
KXBTCD-25NOV0912-T103999.99,2025-11-09T16:54:21.272112Z,0.07,141,no,51a41e7e-5efb-4848-b54f-c7bb8d023071
KXBTCD-25NOV0912-T103999.99,2025-11-09T16:54:03.256861Z,0.1,5,yes,b6756e28-5dd1-5dee-b50d-8401bdce47ee
KXBTCD-25NOV0912-T103999.99,2025-11-09T16:54:00.238677Z,0.13,5,yes,df925770-5842-62dc-379f-e4f5e26e603d
KXBTCD-25NOV0912-T103999.99,2025-11-09T16:53:58.182448Z,0.13,5,yes,75bd4dd0-9111-7506-816c-e2ab0ca47dba
KXBTCD-25NOV0912-T103999.99,2025-11-09T16:53:58.182448Z,0.13,5,yes,2da3f54c-3a41-7397-99a6-29328215b0a1
KXBTCD-25NOV0912-T103999.99,2025-11-09T16:53:56.227363Z,0.12,5,yes,685837c8-d9dd-6190-4b43-1987531bd4e7
KXBTCD-25NOV0912-T103999.99,2025-11-09T16:53:56.227363Z,0.12,5,yes,67718971-35de-6e6c-73f2-3ad63b5f7bd5
KXBTCD-25NOV0912-T103999.99,2025-11-09T16:53:47.966676Z,0.09,5,yes,a58f4ead-873e-7673-d697-cdec1496d852
KXBTCD-25NOV0912-T103999.99,2025-11-09T16:53:47.966676Z,0.09,5,yes,7df21a52-3414-7711-c93d-54720f3dc0db
KXBTCD-25NOV0912-T103999.99,2025-11-09T16:53:38.226231Z,0.05,108,no,d087d6cd-b4e6-46dc-c47a-22af4b47954b
KXBTCD-25NOV0912-T103999.99,2025-11-09T16:53:38.226231Z,0.06,500,no,281e92c4-49de-412d-e9ed-6fee32329597
KXBTCD-25NOV0912-T103999.99,2025-11-09T16:53:31.358972Z,0.1,85,yes,9eb7d905-116e-77a9-d071-18eff39ac722
KXBTCD-25NOV0912-T103999.99,2025-11-09T16:53:31.358972Z,0.09,5,yes,9dabcc2c-d61d-7775-e11e-69c9652f3ce7
KXBTCD-25NOV0912-T103999.99,2025-11-09T16:53:31.358972Z,0.08,5,yes,8481be6d-1991-78a8-f6ff-954f17ab9d54
KXBTCD-25NOV0912-T103999.99,2025-11-09T16:53:24.201558Z,0.1,5,yes,dcd3e46c-333e-5c87-a23e-8f88e2e2d885
KXBTCD-25NOV0912-T103999.99,2025-11-09T16:53:23.134546Z,0.1,5,yes,a7f13a42-621a-55cc-8575-dc96dac9893a
KXBTCD-25NOV0912-T103999.99,2025-11-09T16:53:21.341025Z,0.13,3,yes,744ef158-c592-4660-4640-d4f0bf52e854
KXBTCD-25NOV0912-T103999.99,2025-11-09T16:53:19.293264Z,0.12,22,no,95f54ce6-a115-4f9f-a5b8-29d22b94231b
KXBTCD-25NOV0912-T103999.99,2025-11-09T16:53:18.760494Z,0.15,5,yes,f172b3a6-7de0-5cc8-4014-d6c7bec4a923
KXBTCD-25NOV0912-T103999.99,2025-11-09T16:53:18.760494Z,0.13,5,yes,e20231b2-063b-582f-5799-cee51511dee8
KXBTCD-25NOV0912-T103999.99,2025-11-09T16:53:18.760494Z,0.18,500,yes,802612b5-3808-5892-7491-d03b82b62f1e
KXBTCD-25NOV0912-T103999.99,2025-11-09T16:53:18.760494Z,0.13,5,yes,77b316b6-c8f8-52c3-61f9-11323581da0e
KXBTCD-25NOV0912-T103999.99,2025-11-09T16:53:18.760494Z,0.17,500,yes,750cca5a-cfee-57ba-4507-2141f75adb72
KXBTCD-25NOV0912-T103999.99,2025-11-09T16:53:18.760494Z,0.18,1066,yes,031f4065-6b55-5297-7776-064210def4e7
KXBTCD-25NOV0912-T103999.99,2025-11-09T16:53:04.565038Z,0.17,55,yes,693338d3-32f9-5dae-4a55-60663b72fa1d
KXBTCD-25NOV0912-T103999.99,2025-11-09T16:53:03.101768Z,0.15,4,yes,a4abd660-dfec-7849-cb57-ae6ac1990d73
KXBTCD-25NOV0912-T103999.99,2025-11-09T16:53:03.101768Z,0.15,4,yes,5041a7ec-d3ff-7b2e-f537-5338f47c8b12
KXBTCD-25NOV0912-T103999.99,2025-11-09T16:53:01.229774Z,0.14,5,yes,cecbc2e1-a122-6dda-3b99-ae3cec437f0e
KXBTCD-25NOV0912-T103999.99,2025-11-09T16:52:59.662249Z,0.13,3,yes,ce76645a-dc04-7b06-54a7-7fcfcb395746
KXBTCD-25NOV0912-T103999.99,2025-11-09T16:52:59.662249Z,0.13,5,yes,618a39d7-4516-74a2-427b-6c61bef1a764
KXBTCD-25NOV0912-T103999.99,2025-11-09T16:52:59.484564Z,0.13,5,yes,63b5c192-0071-5a88-df93-642756cb2f9f
KXBTCD-25NOV0912-T103999.99,2025-11-09T16:52:59.484564Z,0.13,2,yes,1b1d267f-097c-558a-f8af-8f8ab93b4402
KXBTCD-25NOV0912-T103999.99,2025-11-09T16:52:47.726902Z,0.13,12,yes,13558751-3668-7b5d-5174-bced60fcd7b9
KXBTCD-25NOV0912-T103999.99,2025-11-09T16:52:37.504091Z,0.13,77,yes,b1d56ec7-2122-5771-87b1-1a58badf2181
KXBTCD-25NOV0912-T103999.99,2025-11-09T16:52:37.504091Z,0.12,40,yes,945faf7b-4b84-5493-ae0c-6976d2ff1c32
KXBTCD-25NOV0912-T103999.99,2025-11-09T16:52:37.504091Z,0.12,200,yes,5c4df021-3067-5ab4-9ad0-c6876e4f94fc
KXBTCD-25NOV0912-T103999.99,2025-11-09T16:52:27.626943Z,0.07,200,yes,efa61d74-51b7-4f73-0523-97bf3b434cda
KXBTCD-25NOV0912-T103999.99,2025-11-09T16:52:21.719791Z,0.08,40,yes,b776def0-8ed6-760b-dea5-a9fcce74e8b5
KXBTCD-25NOV0912-T103999.99,2025-11-09T16:52:17.87403Z,0.08,40,yes,4f2f7e3e-d2ab-4556-ddfa-51aaee4bbd72
KXBTCD-25NOV0912-T103999.99,2025-11-09T16:52:08.001031Z,0.09,104,yes,2c6a333e-0d97-478d-9db5-8af709e9a183
KXBTCD-25NOV0912-T103999.99,2025-11-09T16:51:28.259004Z,0.05,135,yes,0185ddc2-22bd-51ab-7abb-34d9a828b646
KXBTCD-25NOV0912-T103999.99,2025-11-09T16:50:51.529077Z,0.02,5,no,657ebb9c-dbe9-690b-4472-ae0645731d39
KXBTCD-25NOV0912-T103999.99,2025-11-09T16:50:47.332411Z,0.02,88,no,6f79efb8-fb71-44db-7915-050089dcf3ad
KXBTCD-25NOV0912-T103999.99,2025-11-09T16:49:52.335607Z,0.02,5,no,5beb31c2-e56a-7da4-1807-83eaeb56cdcd
KXBTCD-25NOV0912-T103999.99,2025-11-09T16:48:13.783843Z,0.08,2,yes,749e6a55-6420-673f-1436-55b5d1648ab2
KXBTCD-25NOV0912-T103999.99,2025-11-09T16:48:13.783843Z,0.03,200,yes,5d587311-b409-61e6-1791-b76346815cc5
KXBTCD-25NOV0912-T103999.99,2025-11-09T16:48:13.783843Z,0.07,40,yes,3f28a316-edd4-6d44-2dcd-f7dabbeb8ddb
KXBTCD-25NOV0912-T103999.99,2025-11-09T16:48:13.783843Z,0.08,474,yes,22cf64f2-2923-63f6-05b3-0d0d16c9baab
KXBTCD-25NOV0912-T103999.99,2025-11-09T16:47:52.384972Z,0.04,14,yes,9c626f10-ce56-7436-06ea-5990cc79c788
KXBTCD-25NOV0912-T103999.99,2025-11-09T16:47:28.895685Z,0.04,40,yes,c9b7367b-f3ff-4e7a-58d9-2b5a50de92f2
KXBTCD-25NOV0912-T103999.99,2025-11-09T16:47:20.692635Z,0.05,37,yes,8f5d27e1-5c0f-6d17-7e12-86f86ae89427
KXBTCD-25NOV0912-T103999.99,2025-11-09T16:46:51.955499Z,0.02,46,yes,ed650358-3fc5-780c-2d65-65f2b3526340
KXBTCD-25NOV0912-T103999.99,2025-11-09T16:37:11.095781Z,0.05,1,no,7b7ec315-ca36-6d3b-5876-ec157e195fae
KXBTCD-25NOV0912-T103999.99,2025-11-09T16:37:10.078213Z,0.02,40,yes,dff0ad92-aa77-6375-bbf6-446b69079782
KXBTCD-25NOV0912-T103999.99,2025-11-09T16:34:44.755711Z,0.02,2,yes,5a1d51dc-2f6a-7337-fece-2afeb61532cf
KXBTCD-25NOV0912-T103999.99,2025-11-09T16:30:53.152971Z,0.04,12,yes,ed09330f-6e15-730a-4a92-e8f03bf3c6f9
KXBTCD-25NOV0912-T103999.99,2025-11-09T16:30:13.996884Z,0.04,8,yes,c7205e13-2a21-7939-49b6-ea3483ad5aaa
KXBTCD-25NOV0912-T103999.99,2025-11-09T16:29:13.191416Z,0.05,40,yes,45a31301-7ed5-5537-1a3f-682c177ef397
KXBTCD-25NOV0912-T103999.99,2025-11-09T16:13:07.695577Z,0.08,27,no,86773676-5f4a-4509-4188-3b2d2672db56
KXBTCD-25NOV0912-T103999.99,2025-11-09T16:12:40.593721Z,0.13,5,yes,86d13df0-664c-763a-6e3f-f4aa80f8429d
KXBTCD-25NOV0912-T103999.99,2025-11-09T16:11:21.52484Z,0.08,91,no,1c11379e-9b72-4cf6-d209-c604d5cfaf9b
KXBTCD-25NOV0912-T103999.99,2025-11-09T16:11:21.52484Z,0.1,100,no,023e2339-141d-4c6a-cf87-cc1d66a9ffb2
KXBTCD-25NOV0912-T103999.99,2025-11-09T16:11:14.43973Z,0.12,1,no,fce8afb4-511a-4a4e-b55b-3a2603bec36e
KXBTCD-25NOV0912-T103999.99,2025-11-09T16:11:13.848926Z,0.11,2,yes,34ae392d-03a1-4718-130a-1480beb21c7c
KXBTCD-25NOV0912-T103999.99,2025-11-09T16:10:19.194069Z,0.13,1,no,b4bd8dd4-3089-5baf-b435-8551671ec420
KXBTCD-25NOV0912-T103999.99,2025-11-09T16:10:19.194069Z,0.13,1,no,7f11b7aa-12e9-5bb6-803f-ac53663dfa12
KXBTCD-25NOV0912-T103999.99,2025-11-09T16:09:38.687133Z,0.16,6,yes,39826dc9-51e4-5afb-e848-37f4ddf4c5b4
KXBTCD-25NOV0912-T103999.99,2025-11-09T16:09:14.041567Z,0.15,80,yes,e3b034f3-0547-5a08-5e9c-4c69191ece24
KXBTCD-25NOV0912-T103999.99,2025-11-09T16:09:06.325233Z,0.15,95,no,91946bdc-87d1-4584-0daf-f33ecfa6c2e3
KXBTCD-25NOV0912-T103999.99,2025-11-09T16:09:06.325233Z,0.15,50,no,3e903476-4d84-4a0a-1b2a-94cc0ed8327b
KXBTCD-25NOV0912-T103999.99,2025-11-09T16:08:53.202766Z,0.19,1,no,0e838cef-7eea-467a-e995-5491f5ece561
KXBTCD-25NOV0912-T103999.99,2025-11-09T16:08:41.11996Z,0.19,1,no,3c59f6d6-5854-60d4-eae9-551b7f1bfe8c
KXBTCD-25NOV0912-T103999.99,2025-11-09T16:08:41.11996Z,0.19,1,no,0287c319-d635-6d29-c18c-107b68fbc115
KXBTCD-25NOV0912-T103999.99,2025-11-09T16:08:38.164646Z,0.21,90,yes,8daf9bf7-ff7f-6a6b-0397-405141adb391
KXBTCD-25NOV0912-T103999.99,2025-11-09T16:08:29.204831Z,0.21,1,no,7c3c322e-f893-483b-fbb7-255f2e328331
KXBTCD-25NOV0912-T103999.99,2025-11-09T16:08:22.336363Z,0.25,20,no,0e8da9c1-3233-42cb-1158-3c7b28dce40f
KXBTCD-25NOV0912-T103999.99,2025-11-09T16:08:15.199521Z,0.25,40,no,1dd88101-a7b3-624b-46b2-07aa380ada67
KXBTCD-25NOV0912-T103999.99,2025-11-09T16:08:13.218553Z,0.25,40,no,4606fe98-5eef-49b7-340a-4a5909b84ca7
KXBTCD-25NOV0912-T103999.99,2025-11-09T16:08:05.629644Z,0.29,500,no,ad7bb8d5-36db-445e-973e-fb8addc22cdd
KXBTCD-25NOV0912-T103999.99,2025-11-09T16:08:05.5814Z,0.29,500,no,30db65d6-c3cf-53d6-5066-0d4ba6bdb5e5
KXBTCD-25NOV0912-T103999.99,2025-11-09T16:07:48.326636Z,0.3,40,no,c2d3ddf9-9d7b-7a0f-c30d-0a26200ab0cc
KXBTCD-25NOV0912-T103999.99,2025-11-09T16:06:44.933349Z,0.29,4,yes,4855f956-2060-71bf-e6bd-09a236202a50
KXBTCD-25NOV0912-T103999.99,2025-11-09T16:05:03.863981Z,0.29,3,yes,e9f20625-0c04-6eee-8a86-11977b634e21
KXBTCD-25NOV0912-T103999.99,2025-11-09T16:04:30.026885Z,0.19,5,no,4ae551fc-6fe0-4dd4-18d8-20fd85fc41a9
KXBTCD-25NOV0912-T103999.99,2025-11-09T16:01:49.225596Z,0.31,30,yes,f0892210-55e7-69b5-9427-04d12b6e2ce7
KXBTCD-25NOV0912-T103999.99,2025-11-09T16:01:40.812245Z,0.3,40,no,998aabfd-bef2-6bf7-fc79-9a4028e01015
KXBTCD-25NOV0912-T103999.99,2025-11-09T16:01:10.991077Z,0.33,5,yes,fdcaf2bc-c22e-461b-ccb4-6cafbe362c33
KXBTCD-25NOV0912-T103999.99,2025-11-09T16:01:10.63745Z,0.33,28,yes,eae8ac29-1716-6833-de04-3de115a77137
