ticker,created_time,price,count,taker_side,trade_id
KXBTCD-25NOV0912-T103499.99,2025-11-09T16:57:48.89374Z,0.98,10,no,0e38a079-1c52-7e02-70e9-08075092b06b
KXBTCD-25NOV0912-T103499.99,2025-11-09T16:56:22.801785Z,0.97,167,no,3c34c483-43c1-7dba-7c18-15a71cd53dfd
KXBTCD-25NOV0912-T103499.99,2025-11-09T16:56:06.708009Z,0.97,2,no,597f912d-98aa-50fe-d609-530c48abb82d
KXBTCD-25NOV0912-T103499.99,2025-11-09T16:55:33.856856Z,0.99,1,yes,94d77630-acb5-4d26-86bf-5cd55bac8730
KXBTCD-25NOV0912-T103499.99,2025-11-09T16:55:33.856856Z,0.99,3,yes,231c1652-e167-46d9-aeeb-d6d6d85ce88e
KXBTCD-25NOV0912-T103499.99,2025-11-09T16:55:33.856856Z,0.99,1,yes,0ff37fea-b3aa-4856-95c2-a163da392490
KXBTCD-25NOV0912-T103499.99,2025-11-09T16:53:53.384456Z,0.96,116,no,f755d819-c36e-7057-3238-ec3396bdb81c
KXBTCD-25NOV0912-T103499.99,2025-11-09T16:53:53.384456Z,0.96,1,no,c9c51a55-f64c-7cd8-0175-52719dc392eb
KXBTCD-25NOV0912-T103499.99,2025-11-09T16:53:47.356378Z,0.96,5,no,27e7c012-43fe-7e42-089a-043f82901031
KXBTCD-25NOV0912-T103499.99,2025-11-09T16:53:32.023732Z,0.98,27,yes,b8434a19-b7b1-61e5-99ea-fe68d58d3cfd
KXBTCD-25NOV0912-T103499.99,2025-11-09T16:53:27.894494Z,0.98,154,no,ebd16fa5-6757-73ae-2ab4-e16cfae10b9c
KXBTCD-25NOV0912-T103499.99,2025-11-09T16:53:09.102579Z,0.97,34,no,6ee14e7c-4389-64f8-d994-c751ac7b49cc
KXBTCD-25NOV0912-T103499.99,2025-11-09T16:52:50.420441Z,0.97,19,no,155cfb16-3818-492f-3d89-eadfd35db83e
KXBTCD-25NOV0912-T103499.99,2025-11-09T16:52:02.636196Z,0.98,1,yes,1c0b0efe-be15-6aa7-4370-7167c72c17c4
KXBTCD-25NOV0912-T103499.99,2025-11-09T16:51:46.417723Z,0.95,50,yes,75098b9a-3e94-5326-331d-86458ce200c5
KXBTCD-25NOV0912-T103499.99,2025-11-09T16:51:46.417723Z,0.95,54,yes,2533f864-7f5d-594a-2d0a-2902788b206f
KXBTCD-25NOV0912-T103499.99,2025-11-09T16:51:31.351112Z,0.95,40,yes,ee12cbe3-520b-6d2b-c279-ab3fecaadd23
KXBTCD-25NOV0912-T103499.99,2025-11-09T16:51:31.351112Z,0.96,80,yes,2f5598d3-b366-6f78-f9a8-5c03dfd8c89e
KXBTCD-25NOV0912-T103499.99,2025-11-09T16:51:29.223783Z,0.94,10,yes,67751618-197a-6c67-a590-74079b21007f
KXBTCD-25NOV0912-T103499.99,2025-11-09T16:51:20.2345Z,0.94,10,yes,6abb44bb-d395-4b76-d8d9-1d5e82d9bb49
KXBTCD-25NOV0912-T103499.99,2025-11-09T16:50:59.295522Z,0.86,30,no,d02c5449-6858-788f-9afd-e6b31f98d6ec
KXBTCD-25NOV0912-T103499.99,2025-11-09T16:50:59.295522Z,0.87,40,no,691e6e1f-b917-7d99-b8d9-701c05a5d7fc
KXBTCD-25NOV0912-T103499.99,2025-11-09T16:50:57.021579Z,0.9,37,yes,b05ecc2f-56b9-74a6-a81c-311966b694eb
KXBTCD-25NOV0912-T103499.99,2025-11-09T16:50:40.790556Z,0.9,2,yes,10458e01-1849-4275-6d49-863ea74b6412
KXBTCD-25NOV0912-T103499.99,2025-11-09T16:50:35.145267Z,0.87,1,no,657b5873-2687-7038-2e31-6440b8c1fc01
KXBTCD-25NOV0912-T103499.99,2025-11-09T16:50:33.462886Z,0.91,238,yes,d3b47331-9d71-7e8d-68d4-19d996d9ad98
KXBTCD-25NOV0912-T103499.99,2025-11-09T16:50:10.073431Z,0.92,77,yes,c8611b41-e674-73d2-0a51-3f5639d994a4
KXBTCD-25NOV0912-T103499.99,2025-11-09T16:50:10.073431Z,0.9,50,yes,251f7032-4ff1-71d4-24c3-35925e20d128
KXBTCD-25NOV0912-T103499.99,2025-11-09T16:50:10.073431Z,0.91,40,yes,1f29d6e4-186a-7a8f-1031-39127e2c4e80
KXBTCD-25NOV0912-T103499.99,2025-11-09T16:50:03.718656Z,0.84,1,no,e955790b-81cd-6b3c-078c-f349517e7b4f
KXBTCD-25NOV0912-T103499.99,2025-11-09T16:50:03.718656Z,0.83,25,no,bab1be10-f0a7-6781-2fcd-38eed6ccb15a
KXBTCD-25NOV0912-T103499.99,2025-11-09T16:50:03.718656Z,0.84,1,no,3a2671fc-2000-6820-1fd4-df39b5040faf
KXBTCD-25NOV0912-T103499.99,2025-11-09T16:49:39.573784Z,0.78,40,yes,f22941cb-056e-6036-cbbd-89310c26e558
KXBTCD-25NOV0912-T103499.99,2025-11-09T16:49:39.573784Z,0.79,16,yes,ebf4fc91-590a-6c33-f606-9fc2e7aa1396
KXBTCD-25NOV0912-T103499.99,2025-11-09T16:49:36.148685Z,0.75,36,no,d08c3ef3-1846-6f52-e5f5-4593f3aefdd0
KXBTCD-25NOV0912-T103499.99,2025-11-09T16:49:36.148685Z,0.77,1,no,a8101329-61c7-6c69-c812-b83ca3e129eb
KXBTCD-25NOV0912-T103499.99,2025-11-09T16:49:36.148685Z,0.77,1,no,90e58de8-6518-6dbf-c907-53a33678f3b5
KXBTCD-25NOV0912-T103499.99,2025-11-09T16:49:30.908706Z,0.78,1,no,8bf8e818-78c7-6836-3a45-f933153a04f6
KXBTCD-25NOV0912-T103499.99,2025-11-09T16:49:30.710242Z,0.79,1,no,0f945b72-86d8-4199-d376-6c7a8e559f05
KXBTCD-25NOV0912-T103499.99,2025-11-09T16:49:30.67184Z,0.8,12,no,8e15beea-bcb1-47fb-b04c-747804d4a468
KXBTCD-25NOV0912-T103499.99,2025-11-09T16:49:30.67184Z,0.8,1,no,78709f85-2e64-4bef-9b35-696b75aadb8c
KXBTCD-25NOV0912-T103499.99,2025-11-09T16:49:30.277451Z,0.82,40,yes,cc9f253e-5103-5448-8160-3f7ac8abadcf
KXBTCD-25NOV0912-T103499.99,2025-11-09T16:49:30.277451Z,0.83,360,yes,39681929-b2d9-5be8-a5a9-3f5e8af96fa7
KXBTCD-25NOV0912-T103499.99,2025-11-09T16:49:19.187014Z,0.8,17,no,020e10c6-63d5-4d77-8f4d-fabbddb2603c
KXBTCD-25NOV0912-T103499.99,2025-11-09T16:49:13.054084Z,0.82,1,no,6b7d079e-d9f6-6c5d-a3fe-73319084f89d
KXBTCD-25NOV0912-T103499.99,2025-11-09T16:49:13.054084Z,0.8,21,no,447351bf-0985-6e07-a901-8b0bf011c3fc
KXBTCD-25NOV0912-T103499.99,2025-11-09T16:49:12.032494Z,0.79,197,no,76f335ed-ca2b-584b-aa4a-3eb312326df7
KXBTCD-25NOV0912-T103499.99,2025-11-09T16:49:11.361147Z,0.82,1,no,c9979ad5-5e99-699a-6e80-9f69a82e1089
KXBTCD-25NOV0912-T103499.99,2025-11-09T16:49:11.361147Z,0.82,1,no,92444783-d3b3-65ef-5079-d96a50a95570
KXBTCD-25NOV0912-T103499.99,2025-11-09T16:49:11.361147Z,0.8,5,no,70872411-b61b-6c88-6a05-8092831429c0
KXBTCD-25NOV0912-T103499.99,2025-11-09T16:49:11.361147Z,0.79,100,no,414d6fc8-ab07-675f-7557-3fa5e8e6667b
KXBTCD-25NOV0912-T103499.99,2025-11-09T16:49:03.467583Z,0.84,39,yes,e561fd87-f674-68fa-6978-906dd0019808
KXBTCD-25NOV0912-T103499.99,2025-11-09T16:48:56.279481Z,0.85,50,yes,7bdf44ae-3dbc-75d2-2104-e31cf1e2b043
KXBTCD-25NOV0912-T103499.99,2025-11-09T16:48:56.279481Z,0.88,16,yes,3717c55a-3a1f-7fb0-3604-bf55ac5ea737
KXBTCD-25NOV0912-T103499.99,2025-11-09T16:48:45.145473Z,0.83,1,no,60c42eaf-7908-6f7f-653b-f0c5b9aa0f28
KXBTCD-25NOV0912-T103499.99,2025-11-09T16:48:45.145473Z,0.83,87,no,4485000d-21d7-64f8-60cb-2c202c9705c0
KXBTCD-25NOV0912-T103499.99,2025-11-09T16:48:45.145473Z,0.83,1,no,2354a6c6-8601-6c26-4076-772801015e94
KXBTCD-25NOV0912-T103499.99,2025-11-09T16:48:40.427924Z,0.84,200,no,c1315985-0def-5cbd-fe80-55a0baf3abce
KXBTCD-25NOV0912-T103499.99,2025-11-09T16:48:40.427924Z,0.84,40,no,848a0a9c-db5f-5a68-d904-068b6bdd19b4
KXBTCD-25NOV0912-T103499.99,2025-11-09T16:48:40.427924Z,0.83,500,no,7e1a4c1b-5578-58d2-e312-f4000d4ea9af
KXBTCD-25NOV0912-T103499.99,2025-11-09T16:48:40.427924Z,0.82,100,no,067c722a-53d1-5ed3-dff1-d7e284902a3b
KXBTCD-25NOV0912-T103499.99,2025-11-09T16:48:23.671324Z,0.81,1,no,bbcf5032-f0b2-50a2-7050-ba4432cbc018
KXBTCD-25NOV0912-T103499.99,2025-11-09T16:48:23.671324Z,0.81,3,no,4cb906de-63fd-5563-7685-67e4eeafc3ed
KXBTCD-25NOV0912-T103499.99,2025-11-09T16:48:23.671324Z,0.81,1,no,0d9d9f90-627d-5a65-5bb8-d04af89a50d7
KXBTCD-25NOV0912-T103499.99,2025-11-09T16:47:53.947992Z,0.8,16,yes,f8d84f1a-eee4-4aeb-6949-bf7ddcdac20d
KXBTCD-25NOV0912-T103499.99,2025-11-09T16:47:53.947992Z,0.8,8,yes,76f66200-04db-4b02-6406-c0047a706dbc
KXBTCD-25NOV0912-T103499.99,2025-11-09T16:47:53.5214Z,0.8,2,yes,2ced62bd-2553-59ae-21dd-40a22d48ac6c
KXBTCD-25NOV0912-T103499.99,2025-11-09T16:47:52.348974Z,0.77,40,no,37a2b5e7-0f08-6efc-7790-bd02e5495b58
KXBTCD-25NOV0912-T103499.99,2025-11-09T16:47:51.526812Z,0.78,1,no,cee61bb6-dc5b-7e38-7715-0f1e1d6f704e
KXBTCD-25NOV0912-T103499.99,2025-11-09T16:47:51.526812Z,0.78,1,no,42bc7541-4543-70e9-799e-a3dbc6df091c
KXBTCD-25NOV0912-T103499.99,2025-11-09T16:47:49.817201Z,0.8,40,yes,a2f07446-a2bf-6d12-dd43-0ffafdc22b9c
KXBTCD-25NOV0912-T103499.99,2025-11-09T16:47:44.244318Z,0.78,10,yes,aef26da0-5175-4470-cc78-e8e373d88ea3
KXBTCD-25NOV0912-T103499.99,2025-11-09T16:47:40.209675Z,0.76,4,no,e6b706e4-6854-5384-5100-f0020085c9af
KXBTCD-25NOV0912-T103499.99,2025-11-09T16:47:31.26012Z,0.76,40,yes,ada2a7c2-fc8f-6f51-167c-d5334d1db844
KXBTCD-25NOV0912-T103499.99,2025-11-09T16:47:31.26012Z,0.77,213,yes,9cae23a2-3fa3-660f-2250-a1f2fea7c242
KXBTCD-25NOV0912-T103499.99,2025-11-09T16:47:30.637423Z,0.77,1,yes,9d0c9408-2deb-4bf3-1c26-91cb0e7c98ce
KXBTCD-25NOV0912-T103499.99,2025-11-09T16:47:29.780019Z,0.76,3,no,a77f6d4c-1fb7-7152-ec11-760a11769eeb
KXBTCD-25NOV0912-T103499.99,2025-11-09T16:47:29.780019Z,0.76,1,no,690ad1ce-4be4-7c8e-d877-78d5de1dd78d
KXBTCD-25NOV0912-T103499.99,2025-11-09T16:47:29.780019Z,0.76,1,no,5748fc37-f05b-761f-c430-62134376fb61
KXBTCD-25NOV0912-T103499.99,2025-11-09T16:47:19.414373Z,0.75,1,no,bd6e9c08-75f8-719b-04c3-74530f5522c4
KXBTCD-25NOV0912-T103499.99,2025-11-09T16:47:19.414373Z,0.74,8,no,bcd24e25-8bfc-74c8-1280-5441dece3505
KXBTCD-25NOV0912-T103499.99,2025-11-09T16:47:19.414373Z,0.75,1,no,8e57a41e-f0e6-791d-34eb-08141b77dadc
KXBTCD-25NOV0912-T103499.99,2025-11-09T16:47:16.278003Z,0.75,7,no,fbc5e25b-f97c-6d08-c16d-462ed4cca19e
KXBTCD-25NOV0912-T103499.99,2025-11-09T16:47:16.278003Z,0.76,1,no,758af26f-149c-615f-cc56-7957b2e08c5a
KXBTCD-25NOV0912-T103499.99,2025-11-09T16:47:16.278003Z,0.75,1,no,6ab42287-19e2-6962-c059-b65c4d8825a4
KXBTCD-25NOV0912-T103499.99,2025-11-09T16:47:16.278003Z,0.75,1,no,037aa825-d667-6b76-ffd5-7f3484cc70ad
KXBTCD-25NOV0912-T103499.99,2025-11-09T16:47:14.005818Z,0.75,23,no,dc4ed5ed-3ca8-57a8-40aa-38f0e9369804
KXBTCD-25NOV0912-T103499.99,2025-11-09T16:47:14.005818Z,0.75,1,no,c1a23f8e-a1ef-5ad2-6427-e15ce3862ce5
KXBTCD-25NOV0912-T103499.99,2025-11-09T16:47:14.005818Z,0.75,1,no,3efa6409-6a10-5909-69dd-526b7a821fa3
KXBTCD-25NOV0912-T103499.99,2025-11-09T16:47:14.005818Z,0.74,27,no,12c2e213-b885-587e-7e15-2187f5562782
KXBTCD-25NOV0912-T103499.99,2025-11-09T16:47:12.435417Z,0.76,24,yes,f4fb5b68-6724-6d7c-b634-08edd8be5365
KXBTCD-25NOV0912-T103499.99,2025-11-09T16:47:12.435417Z,0.76,154,yes,5062dbc2-fdc2-621d-90de-2a3f84c42159
KXBTCD-25NOV0912-T103499.99,2025-11-09T16:47:11.668849Z,0.75,17,no,1ab1784a-83f0-5234-e35f-a138fbbce408
KXBTCD-25NOV0912-T103499.99,2025-11-09T16:47:08.467577Z,0.76,1,yes,605a8171-273c-7f58-6fc1-a368df20a1c5
KXBTCD-25NOV0912-T103499.99,2025-11-09T16:47:01.661279Z,0.7,6,no,a62d7829-ae13-60b6-6650-701bcc0dcbe8
KXBTCD-25NOV0912-T103499.99,2025-11-09T16:46:58.961634Z,0.72,6,yes,3c018ceb-325a-5aad-d2e2-3251c7cf9614
KXBTCD-25NOV0912-T103499.99,2025-11-09T16:46:57.855912Z,0.7,25,no,e4af032a-39ab-7866-0c38-011a41cb1158
KXBTCD-25NOV0912-T103499.99,2025-11-09T16:46:48.735798Z,0.7,25,no,b0ed2e0b-5d57-78d2-1980-c124f795ddfc
KXBTCD-25NOV0912-T103499.99,2025-11-09T16:46:40.987277Z,0.63,25,no,fda158ca-e5ac-7efb-ef7d-c979101df2f7
KXBTCD-25NOV0912-T103499.99,2025-11-09T16:46:37.072935Z,0.58,25,yes,50e07f22-e7fc-6f8e-ba87-5e0b53310c5b
KXBTCD-25NOV0912-T103499.99,2025-11-09T16:46:36.558268Z,0.54,8,no,736379b6-80e3-764c-cc08-48f1e5c2fec5
KXBTCD-25NOV0912-T103499.99,2025-11-09T16:46:36.558268Z,0.56,8,no,03d19d2d-95fc-7171-ef15-cd4ed402f215
KXBTCD-25NOV0912-T103499.99,2025-11-09T16:46:36.502471Z,0.57,8,yes,9c3fee99-ed60-7c06-764a-ca8838d80ec7
KXBTCD-25NOV0912-T103499.99,2025-11-09T16:46:35.236552Z,0.57,43,yes,cfd56a8e-4c50-5617-5378-fa3d4f7320b6
KXBTCD-25NOV0912-T103499.99,2025-11-09T16:46:35.236552Z,0.57,154,yes,3efea45a-9bb9-53a8-60c5-83af15f789e5
KXBTCD-25NOV0912-T103499.99,2025-11-09T16:46:33.931915Z,0.54,2,yes,04a41423-0428-49bc-1fab-f7528e3feb4b
KXBTCD-25NOV0912-T103499.99,2025-11-09T16:46:26.684815Z,0.53,100,yes,19170e75-eb23-6cd3-30bd-de7de5c9ead4
KXBTCD-25NOV0912-T103499.99,2025-11-09T16:46:26.471497Z,0.5,100,yes,6305cf8f-d7a4-778a-2e85-e5bdc0f53a7c
KXBTCD-25NOV0912-T103499.99,2025-11-09T16:46:08.927315Z,0.45,17,no,dd318305-fdb4-4adf-4376-fd796c9e453b
KXBTCD-25NOV0912-T103499.99,2025-11-09T16:45:54.391473Z,0.46,40,yes,45d08cba-801e-4dec-4a72-8f4c796e9221
KXBTCD-25NOV0912-T103499.99,2025-11-09T16:45:53.517974Z,0.46,168,yes,73071890-be76-7908-6bca-4dd2b5cebcb9
KXBTCD-25NOV0912-T103499.99,2025-11-09T16:45:37.978584Z,0.45,9,no,60e6f9b4-9a40-54d7-b912-a272e729ec33
KXBTCD-25NOV0912-T103499.99,2025-11-09T16:45:23.470501Z,0.46,4,yes,2aa98caa-0e68-7183-f9c4-6e2d772ef353
KXBTCD-25NOV0912-T103499.99,2025-11-09T16:45:15.63507Z,0.49,50,yes,6009a349-8d51-5a64-372f-cd5642431a5e
KXBTCD-25NOV0912-T103499.99,2025-11-09T16:45:00.609081Z,0.42,128,no,d70f9586-5c20-61c9-af03-93a0567f7651
KXBTCD-25NOV0912-T103499.99,2025-11-09T16:45:00.609081Z,0.43,40,no,632552a8-55b7-66d1-aaca-004f41e6268e
KXBTCD-25NOV0912-T103499.99,2025-11-09T16:44:55.82715Z,0.46,205,yes,8079916b-2a5e-6081-daa7-b7d828c856a4
KXBTCD-25NOV0912-T103499.99,2025-11-09T16:44:53.015124Z,0.43,25,no,7ec634eb-490b-7102-53d3-7508800f3c50
KXBTCD-25NOV0912-T103499.99,2025-11-09T16:44:47.906668Z,0.48,2,no,8eb31e63-3e0b-73e4-2535-990d19f17a11
KXBTCD-25NOV0912-T103499.99,2025-11-09T16:44:39.633184Z,0.5,43,no,81172f3d-4490-5b23-a193-8df5f31c2cab
KXBTCD-25NOV0912-T103499.99,2025-11-09T16:44:39.633184Z,0.52,180,no,3b895848-6f8f-5de6-a1ac-97944fbd4da4
KXBTCD-25NOV0912-T103499.99,2025-11-09T16:44:28.396395Z,0.5,414,no,cd5f0030-d812-50f6-55ba-964614b27ca5
KXBTCD-25NOV0912-T103499.99,2025-11-09T16:44:28.396395Z,0.51,40,no,0d3cb733-834d-52d1-46a5-b4016a8bc3b7
KXBTCD-25NOV0912-T103499.99,2025-11-09T16:44:20.422102Z,0.56,3,yes,cf75cf7d-af39-7bd6-f22f-bbf5f3a5f441
KXBTCD-25NOV0912-T103499.99,2025-11-09T16:44:10.064841Z,0.5,2,no,39dee270-0928-472d-0add-d560b410a82a
KXBTCD-25NOV0912-T103499.99,2025-11-09T16:43:48.861808Z,0.54,176,yes,f788926d-d40a-7550-c4ce-5801c0b46757
KXBTCD-25NOV0912-T103499.99,2025-11-09T16:43:29.344499Z,0.45,24,no,23375c69-00ba-7ac6-ae08-e2989fb8eaeb
KXBTCD-25NOV0912-T103499.99,2025-11-09T16:43:26.210247Z,0.46,1,yes,ba6c915f-ca5b-6861-ae09-a11439ba0fd2
KXBTCD-25NOV0912-T103499.99,2025-11-09T16:43:08.896583Z,0.42,89,yes,459b58c6-d421-64cd-db6e-95070f81df40
KXBTCD-25NOV0912-T103499.99,2025-11-09T16:43:03.520075Z,0.38,39,no,502c61a6-fdc6-48b6-d151-2a54ab852f79
KXBTCD-25NOV0912-T103499.99,2025-11-09T16:42:47.807051Z,0.42,45,yes,e60cdd85-32a9-67cd-e03b-fa6d4a901ea8
KXBTCD-25NOV0912-T103499.99,2025-11-09T16:42:41.381364Z,0.42,45,yes,f26fe9d2-7f55-6231-8d80-de0fdc2a1648
KXBTCD-25NOV0912-T103499.99,2025-11-09T16:42:40.52114Z,0.42,223,yes,8398fe7d-7545-52b9-4e2e-b39bc224c190
KXBTCD-25NOV0912-T103499.99,2025-11-09T16:42:02.799074Z,0.38,1,yes,41301d8a-87fd-55e8-56c9-ac3aa87080a6
KXBTCD-25NOV0912-T103499.99,2025-11-09T16:41:40.97137Z,0.43,11,yes,5156d3d7-468e-4bd1-6939-d3298ff80238
KXBTCD-25NOV0912-T103499.99,2025-11-09T16:41:28.916097Z,0.43,34,yes,c1223671-b5e4-6251-d123-fb119ffe1292
KXBTCD-25NOV0912-T103499.99,2025-11-09T16:41:27.024027Z,0.43,2,yes,56b5b5da-59a4-53f0-1bfa-ee5ba67657ff
KXBTCD-25NOV0912-T103499.99,2025-11-09T16:41:26.16376Z,0.46,3,no,5d1b1d4d-25f0-7396-eb35-2cb7edd58f05
KXBTCD-25NOV0912-T103499.99,2025-11-09T16:41:12.358211Z,0.48,2,yes,c2e0f268-fecd-45f6-8406-88785a611bd6
KXBTCD-25NOV0912-T103499.99,2025-11-09T16:40:55.516223Z,0.4,239,yes,b4b60905-9598-66d1-f660-e696c406fb7a
KXBTCD-25NOV0912-T103499.99,2025-11-09T16:40:48.92387Z,0.36,7,no,829cd179-68cc-4122-3f1e-effe5ad368be
KXBTCD-25NOV0912-T103499.99,2025-11-09T16:40:33.659002Z,0.39,122,yes,3c9e7593-5041-682d-049a-0d4bb06ce2a3
KXBTCD-25NOV0912-T103499.99,2025-11-09T16:39:53.055905Z,0.35,27,no,e892a2bd-8099-5a02-1cf2-c563c6303eeb
KXBTCD-25NOV0912-T103499.99,2025-11-09T16:39:46.55714Z,0.4,2,yes,abe6724d-1592-54e1-af7f-9ec319a6e80e
KXBTCD-25NOV0912-T103499.99,2025-11-09T16:39:37.223111Z,0.35,23,no,714eac1c-68d9-6812-d35f-b8e88a524c63
KXBTCD-25NOV0912-T103499.99,2025-11-09T16:39:19.697548Z,0.4,47,yes,a84a3d3a-8352-5fb5-57d1-1d898e66ee26
KXBTCD-25NOV0912-T103499.99,2025-11-09T16:39:10.328499Z,0.45,3,yes,28e39948-95f0-4204-fc91-92e5fd1717af
KXBTCD-25NOV0912-T103499.99,2025-11-09T16:39:10.328499Z,0.44,2,yes,21a75e6e-6365-4d7b-df9d-5e8b0f5f2fda
KXBTCD-25NOV0912-T103499.99,2025-11-09T16:38:54.967585Z,0.39,20,yes,aa4375a3-a3de-5a71-3e78-dc6e2054cf6b
KXBTCD-25NOV0912-T103499.99,2025-11-09T16:38:54.057259Z,0.35,20,no,e3d9de85-2888-6b17-6979-2ac12ed9c280
KXBTCD-25NOV0912-T103499.99,2025-11-09T16:38:48.779592Z,0.38,51,yes,41dac545-b766-44dc-84ac-ae3bc6bc4447
KXBTCD-25NOV0912-T103499.99,2025-11-09T16:38:47.463806Z,0.36,20,yes,c036b642-1b44-50df-2253-cd30eebb774c
KXBTCD-25NOV0912-T103499.99,2025-11-09T16:38:47.463806Z,0.38,233,yes,14739a90-eb6e-5cc0-26a1-fd185f28c603
KXBTCD-25NOV0912-T103499.99,2025-11-09T16:38:47.260901Z,0.35,20,no,b88ba5a4-b02b-4772-6908-9f04aa004905
KXBTCD-25NOV0912-T103499.99,2025-11-09T16:38:32.172872Z,0.35,20,yes,9dd7a71e-190e-44e1-0abf-f702051ac59b
KXBTCD-25NOV0912-T103499.99,2025-11-09T16:37:57.847816Z,0.35,2,no,419afd5c-1688-5005-1f3e-11bd21765bc5
KXBTCD-25NOV0912-T103499.99,2025-11-09T16:37:51.586124Z,0.39,1,yes,8e1d1c27-a572-6340-3f17-f4a26b58a9e2
KXBTCD-25NOV0912-T103499.99,2025-11-09T16:37:44.196229Z,0.39,4,yes,78086aa1-4145-61b9-62ee-8e20f09bf4a1
KXBTCD-25NOV0912-T103499.99,2025-11-09T16:37:40.585836Z,0.39,24,yes,cc95b214-f175-5f09-cc15-56e83c1b68ed
KXBTCD-25NOV0912-T103499.99,2025-11-09T16:37:30.513156Z,0.41,9,yes,806041d0-2c4a-4fde-fc3a-24d050634631
KXBTCD-25NOV0912-T103499.99,2025-11-09T16:37:21.243124Z,0.45,42,yes,ca0fbb4d-aead-4dac-94ad-9c927a753af0
KXBTCD-25NOV0912-T103499.99,2025-11-09T16:37:00.90946Z,0.43,5,yes,12eeb658-2242-7fd8-3743-67a82ba71bc6
KXBTCD-25NOV0912-T103499.99,2025-11-09T16:36:56.281991Z,0.42,2,yes,da10acbc-9a79-62a3-f5ab-61fc9e9ad974
KXBTCD-25NOV0912-T103499.99,2025-11-09T16:36:42.723634Z,0.37,40,yes,af9c9126-1539-502b-af7d-44d81d774fce
KXBTCD-25NOV0912-T103499.99,2025-11-09T16:36:42.723634Z,0.38,414,yes,54efd6b0-e228-5b36-af59-f7c01ca61e6a
KXBTCD-25NOV0912-T103499.99,2025-11-09T16:36:16.339367Z,0.3,20,yes,7df075de-a1f4-5335-2b6f-a3d32a3b3777
KXBTCD-25NOV0912-T103499.99,2025-11-09T16:36:10.460264Z,0.29,23,no,bb736759-620f-4248-69db-3a7735ce2b52
KXBTCD-25NOV0912-T103499.99,2025-11-09T16:36:10.460264Z,0.29,45,no,1a1b98a5-2c4d-4acf-6ab2-abc9a0f2a523
KXBTCD-25NOV0912-T103499.99,2025-11-09T16:36:08.001538Z,0.29,2,no,76ba4282-0b6b-4cb3-16c0-b8c5e17607e5
KXBTCD-25NOV0912-T103499.99,2025-11-09T16:36:06.712815Z,0.29,20,yes,1a5737c2-91a9-7b5c-1df3-75780487d07b
KXBTCD-25NOV0912-T103499.99,2025-11-09T16:35:59.318842Z,0.25,20,yes,1918847a-d0d7-6551-1cf3-3b4e67b3abc6
KXBTCD-25NOV0912-T103499.99,2025-11-09T16:35:59.318842Z,0.26,20,yes,0bd511ef-02b7-6005-38f0-e292ce6da437
KXBTCD-25NOV0912-T103499.99,2025-11-09T16:35:59.176958Z,0.24,20,yes,305e93b7-daef-4058-7e27-c066da9e0ece
KXBTCD-25NOV0912-T103499.99,2025-11-09T16:35:35.272227Z,0.23,50,yes,cb45b88e-76da-7a75-48a2-88559452e167
KXBTCD-25NOV0912-T103499.99,2025-11-09T16:35:02.64922Z,0.25,13,no,bc6f0734-5b8f-77ad-5a40-f251989fa154
KXBTCD-25NOV0912-T103499.99,2025-11-09T16:34:57.693699Z,0.26,20,no,96865a9c-2b5b-5cce-0d99-cf5501acd2b4
KXBTCD-25NOV0912-T103499.99,2025-11-09T16:34:42.346963Z,0.27,20,no,b16f9cd5-0fe7-7525-e34e-fb48f78067f6
KXBTCD-25NOV0912-T103499.99,2025-11-09T16:34:36.681093Z,0.26,20,yes,c129ed33-c94b-47c3-22c6-df2a8e4d26a7
KXBTCD-25NOV0912-T103499.99,2025-11-09T16:34:36.681093Z,0.29,14,yes,47cfdf24-f2ca-4f49-217c-f5b934c5b81b
KXBTCD-25NOV0912-T103499.99,2025-11-09T16:34:22.985144Z,0.28,45,yes,9666fa8f-5400-6211-6465-1e23b65094cc
KXBTCD-25NOV0912-T103499.99,2025-11-09T16:34:22.985144Z,0.27,40,yes,23a9900f-073d-6821-6380-b1ccac0aad4f
KXBTCD-25NOV0912-T103499.99,2025-11-09T16:34:02.897855Z,0.25,16,yes,dc1f54a0-a4ed-7a86-3f05-00b385b45a91
KXBTCD-25NOV0912-T103499.99,2025-11-09T16:33:51.21376Z,0.25,2,yes,0cc6df27-5d09-5046-2cdb-11f571868749
KXBTCD-25NOV0912-T103499.99,2025-11-09T16:33:48.485842Z,0.24,18,no,7b03bc34-f122-4bd3-7937-f701c93a405d
KXBTCD-25NOV0912-T103499.99,2025-11-09T16:33:48.485842Z,0.24,2,no,46c28d46-7b46-4d26-6e60-46449440cf87
KXBTCD-25NOV0912-T103499.99,2025-11-09T16:33:41.679948Z,0.26,2,no,d2dbfef3-6707-4a7d-4816-69656488139d
KXBTCD-25NOV0912-T103499.99,2025-11-09T16:33:34.388033Z,0.24,2,no,e36651bc-ae5e-7efc-96c1-660e19ab8dfe
KXBTCD-25NOV0912-T103499.99,2025-11-09T16:33:34.388033Z,0.23,6,no,61f7ec61-68fc-734c-b86c-a641ef64cf22
KXBTCD-25NOV0912-T103499.99,2025-11-09T16:33:34.388033Z,0.25,2,no,0d299860-6dc2-7b35-8d9f-d9b7eeb9a37a
KXBTCD-25NOV0912-T103499.99,2025-11-09T16:33:25.647586Z,0.23,2,no,905bce52-54eb-6d85-caed-0f737bc9cab6
KXBTCD-25NOV0912-T103499.99,2025-11-09T16:33:25.647586Z,0.23,2,no,3250d459-e44f-6f8a-fd87-8888c4f23e71
KXBTCD-25NOV0912-T103499.99,2025-11-09T16:33:19.195688Z,0.25,2,no,8530dd01-7c1a-5dbe-8888-e1fafbf02405
KXBTCD-25NOV0912-T103499.99,2025-11-09T16:33:19.195688Z,0.25,2,no,2b9a2f62-ece6-5cf8-8a97-e8e8c64c57d9
KXBTCD-25NOV0912-T103499.99,2025-11-09T16:33:10.031491Z,0.28,1,yes,3047c9dc-1120-758b-365e-f8202e45a521
KXBTCD-25NOV0912-T103499.99,2025-11-09T16:33:06.839055Z,0.28,17,yes,0fb0b80e-8762-690d-24c5-20f45c7bc854
KXBTCD-25NOV0912-T103499.99,2025-11-09T16:32:47.10996Z,0.3,2,no,cd38deb4-826a-5bb9-c1a5-270ba66d8402
KXBTCD-25NOV0912-T103499.99,2025-11-09T16:32:47.10996Z,0.3,5,no,ada92f2d-cd54-594e-e340-cfd62e43974a
KXBTCD-25NOV0912-T103499.99,2025-11-09T16:32:47.10996Z,0.3,40,no,6ee3d733-e836-5c33-ea27-7fef46c013ef
KXBTCD-25NOV0912-T103499.99,2025-11-09T16:32:47.10996Z,0.31,3,no,552e4674-8f68-509e-f6a3-a65b7553e243
KXBTCD-25NOV0912-T103499.99,2025-11-09T16:32:42.005292Z,0.33,50,no,d3e36e61-6fe0-616f-60fb-fcaf7efba3ed
KXBTCD-25NOV0912-T103499.99,2025-11-09T16:32:42.005292Z,0.32,279,no,b425f6d2-5c90-613d-6b04-ecf7606118fd
KXBTCD-25NOV0912-T103499.99,2025-11-09T16:32:42.005292Z,0.34,50,no,3a802977-8479-680f-5ae5-2dfb7761b053
KXBTCD-25NOV0912-T103499.99,2025-11-09T16:32:42.005292Z,0.33,200,no,0b615cee-3cb1-63db-63e1-06a5fdc64d71
KXBTCD-25NOV0912-T103499.99,2025-11-09T16:32:01.025966Z,0.36,11,no,3c95d498-922e-5b89-a4a8-5066f913198d
KXBTCD-25NOV0912-T103499.99,2025-11-09T16:31:42.347812Z,0.45,209,yes,e56522ee-97f3-72f5-cc52-c0c576f21314
KXBTCD-25NOV0912-T103499.99,2025-11-09T16:31:35.013329Z,0.46,10,yes,d4bcc2b8-a1bd-55ea-cb31-429df986f9bf
KXBTCD-25NOV0912-T103499.99,2025-11-09T16:31:33.237028Z,0.43,50,no,40ac153b-7c84-718b-b1cc-478fad45b03b
KXBTCD-25NOV0912-T103499.99,2025-11-09T16:31:03.515638Z,0.42,228,yes,60a59641-9479-7442-28d5-f8734f720013
KXBTCD-25NOV0912-T103499.99,2025-11-09T16:31:01.387754Z,0.43,111,yes,a4ce1674-902f-4713-da5f-120c2b2a80e1
KXBTCD-25NOV0912-T103499.99,2025-11-09T16:30:58.774203Z,0.44,9,yes,474c6f1e-6a8e-6219-ca23-7f8f9694be8f
KXBTCD-25NOV0912-T103499.99,2025-11-09T16:30:45.881264Z,0.47,9,yes,42c67dbe-c337-71b0-995c-70cbc9b6786e
KXBTCD-25NOV0912-T103499.99,2025-11-09T16:30:27.026851Z,0.43,22,yes,178602a8-7d89-5bdb-696e-0af499b047fb
KXBTCD-25NOV0912-T103499.99,2025-11-09T16:29:45.66983Z,0.45,21,yes,3502857e-c9f3-5b5e-76e7-8ab61291713a
KXBTCD-25NOV0912-T103499.99,2025-11-09T16:29:36.183765Z,0.42,6,no,b1059332-8e4d-65c7-1271-04d479ee7232
KXBTCD-25NOV0912-T103499.99,2025-11-09T16:29:20.565469Z,0.41,50,yes,8627c9ec-9cdc-643b-2bdd-e6290f64ed46
KXBTCD-25NOV0912-T103499.99,2025-11-09T16:29:02.006744Z,0.47,3,no,2c67cf8e-d365-7b82-32b4-c3a612af1607
KXBTCD-25NOV0912-T103499.99,2025-11-09T16:29:00.219887Z,0.5,50,no,072c894c-09ae-6a35-ccad-54353e8a9ca5
KXBTCD-25NOV0912-T103499.99,2025-11-09T16:28:59.546514Z,0.51,189,yes,21b1afdd-b242-7081-d361-3e4630e98571
KXBTCD-25NOV0912-T103499.99,2025-11-09T16:28:10.018481Z,0.51,1,no,712f72a8-b2cf-66f5-c87b-07d905377817
KXBTCD-25NOV0912-T103499.99,2025-11-09T16:27:31.217468Z,0.5,1,no,ea8620d9-c469-6822-dca3-5fbbe3accbec
KXBTCD-25NOV0912-T103499.99,2025-11-09T16:27:06.746594Z,0.49,9,no,9c2af6fe-8cb2-6ffa-b7a2-f91e3f959664
KXBTCD-25NOV0912-T103499.99,2025-11-09T16:27:05.148476Z,0.5,10,yes,edd7f412-3f24-47a3-cdb6-876f7168f7a2
KXBTCD-25NOV0912-T103499.99,2025-11-09T16:27:02.739079Z,0.48,10,yes,81eb6052-6b49-639e-e2e3-b6c56009e5ac
KXBTCD-25NOV0912-T103499.99,2025-11-09T16:26:52.014535Z,0.47,36,no,eb6e7774-01fa-5896-f98f-d4b7bfd979b3
KXBTCD-25NOV0912-T103499.99,2025-11-09T16:26:38.179746Z,0.5,9,yes,3967f4be-9ead-4646-770b-93729763f812
KXBTCD-25NOV0912-T103499.99,2025-11-09T16:26:24.938991Z,0.56,17,yes,57afa91c-d021-5094-f89b-eff57d5f406a
KXBTCD-25NOV0912-T103499.99,2025-11-09T16:26:12.539422Z,0.55,52,yes,183c17ac-c163-4b94-18b6-92ec0797d3f5
KXBTCD-25NOV0912-T103499.99,2025-11-09T16:25:50.988277Z,0.54,50,yes,f2f003e8-49a4-5e66-90a4-cf840fbc1230
KXBTCD-25NOV0912-T103499.99,2025-11-09T16:25:50.988277Z,0.55,90,yes,d18a123e-5e1d-5260-95bb-d6ef80ca610c
KXBTCD-25NOV0912-T103499.99,2025-11-09T16:25:50.988277Z,0.53,221,yes,b0d9c368-3451-512c-a64b-98893b7a4577
KXBTCD-25NOV0912-T103499.99,2025-11-09T16:25:48.62103Z,0.53,10,yes,313d2c1d-6e1d-580c-d6a6-4df2df61aa73
KXBTCD-25NOV0912-T103499.99,2025-11-09T16:25:47.48774Z,0.53,269,yes,cf679c3c-ff41-6d74-e7c3-cebd5c2ce42b
KXBTCD-25NOV0912-T103499.99,2025-11-09T16:25:39.151924Z,0.5,2,yes,65239bce-accb-69f7-6b0c-7950f0c486e7
KXBTCD-25NOV0912-T103499.99,2025-11-09T16:25:11.021762Z,0.46,25,no,2d9fa251-0686-6d31-52e6-09470556d066
KXBTCD-25NOV0912-T103499.99,2025-11-09T16:24:56.873745Z,0.45,68,yes,d4dd4f3c-5e59-7ebc-45d4-91523e041992
KXBTCD-25NOV0912-T103499.99,2025-11-09T16:23:25.481178Z,0.46,3,no,e2161a23-2f9f-4a5f-bc16-8fe9d588cf23
KXBTCD-25NOV0912-T103499.99,2025-11-09T16:23:06.785202Z,0.44,218,yes,92990529-22bb-76b8-f73c-e606238fed48
KXBTCD-25NOV0912-T103499.99,2025-11-09T16:23:03.115189Z,0.44,450,yes,db9b4278-447d-6828-6657-c0a62e68634d
KXBTCD-25NOV0912-T103499.99,2025-11-09T16:22:39.449338Z,0.44,8,no,96ed4a0e-4239-7e22-c481-635cfce08d61
KXBTCD-25NOV0912-T103499.99,2025-11-09T16:22:14.13901Z,0.45,50,yes,fbb8d7f7-1cb1-5ef6-0f45-ce24b15a85d7
KXBTCD-25NOV0912-T103499.99,2025-11-09T16:21:03.050456Z,0.46,94,yes,b9f39868-b913-508e-7962-4be92123e56e
KXBTCD-25NOV0912-T103499.99,2025-11-09T16:21:03.050456Z,0.45,50,yes,9af3909c-020a-5b00-6ea4-0fa96835c13c
KXBTCD-25NOV0912-T103499.99,2025-11-09T16:21:03.050456Z,0.44,500,yes,327776a8-4b9e-54fc-7076-0dda7c90a4da
KXBTCD-25NOV0912-T103499.99,2025-11-09T16:20:46.983147Z,0.41,50,no,e8bcfeb7-9898-7132-6eef-15c9ec8027bf
KXBTCD-25NOV0912-T103499.99,2025-11-09T16:20:46.983147Z,0.39,3,no,c138bc7f-331e-7439-7f48-42c10f484e8b
KXBTCD-25NOV0912-T103499.99,2025-11-09T16:20:46.983147Z,0.39,3,no,69e57cc0-2e6c-7762-7054-5690642b3462
KXBTCD-25NOV0912-T103499.99,2025-11-09T16:20:46.983147Z,0.39,291,no,59144896-4f08-765c-5411-d5d5348c7e04
KXBTCD-25NOV0912-T103499.99,2025-11-09T16:20:46.983147Z,0.39,200,no,174bd995-db2e-78b3-5192-30db5eb84af6
KXBTCD-25NOV0912-T103499.99,2025-11-09T16:20:41.316498Z,0.43,3,no,675111d0-e293-73a9-582e-f353863db399
KXBTCD-25NOV0912-T103499.99,2025-11-09T16:20:40.642481Z,0.44,3,no,92114872-6269-431a-e39f-cc34f89a3cd1
KXBTCD-25NOV0912-T103499.99,2025-11-09T16:20:37.255048Z,0.48,40,yes,2c9672ab-2a1a-5f15-5cbe-dfb047ed1297
KXBTCD-25NOV0912-T103499.99,2025-11-09T16:20:23.232185Z,0.46,107,yes,2b4fd867-d390-5708-1a01-1e2bb318638b
KXBTCD-25NOV0912-T103499.99,2025-11-09T16:20:22.829725Z,0.46,30,yes,da14155f-3e84-432c-8724-f7b8d3d6740f
KXBTCD-25NOV0912-T103499.99,2025-11-09T16:20:22.169521Z,0.47,500,yes,d2242ea0-2441-6af3-512c-d485e4133100
KXBTCD-25NOV0912-T103499.99,2025-11-09T16:20:22.169521Z,0.48,50,yes,4778f71b-5e6f-66e9-60d9-22e6163f292d
KXBTCD-25NOV0912-T103499.99,2025-11-09T16:20:22.169521Z,0.49,37,yes,35884923-82bc-6f14-687c-4e2cbb87d403
KXBTCD-25NOV0912-T103499.99,2025-11-09T16:19:47.341365Z,0.37,3,no,92580990-77c1-6fb1-f0db-c1b65d8bda83
KXBTCD-25NOV0912-T103499.99,2025-11-09T16:19:23.005046Z,0.4,2,yes,fdd7bbf8-6d04-5d30-6dc2-cab90bfcc7f7
KXBTCD-25NOV0912-T103499.99,2025-11-09T16:19:21.364735Z,0.41,3,no,b734f75d-2f07-7d13-0d40-855c8958ea50
KXBTCD-25NOV0912-T103499.99,2025-11-09T16:19:20.810411Z,0.42,3,no,674cd9fb-7198-52cd-ef4b-359a97c5709b
KXBTCD-25NOV0912-T103499.99,2025-11-09T16:19:20.810411Z,0.42,3,no,0c1d95d6-7879-5642-e3ed-200a91bec5c0
KXBTCD-25NOV0912-T103499.99,2025-11-09T16:19:13.696654Z,0.42,50,no,a1d3e3e4-452f-4b9c-ae2c-cc75ba0fd779
KXBTCD-25NOV0912-T103499.99,2025-11-09T16:19:13.380715Z,0.45,4,yes,3d600c76-6e65-5333-ce77-74369744a370
KXBTCD-25NOV0912-T103499.99,2025-11-09T16:18:56.498821Z,0.45,5,yes,3fc7d1d2-8c6b-7e64-a4e6-4318c5907705
KXBTCD-25NOV0912-T103499.99,2025-11-09T16:18:50.197704Z,0.43,3,no,c3baa474-1d25-4b79-2013-ffc52e8fb962
KXBTCD-25NOV0912-T103499.99,2025-11-09T16:18:46.652155Z,0.47,5,yes,e34c0bc8-60e6-6929-09a7-82b9506abcf5
KXBTCD-25NOV0912-T103499.99,2025-11-09T16:17:52.603019Z,0.36,48,yes,8ed22a70-1993-63d2-d26d-66747083ce24
KXBTCD-25NOV0912-T103499.99,2025-11-09T16:17:52.603019Z,0.36,50,yes,5b5a331f-dba2-6f37-db83-e5fd5adc969c
KXBTCD-25NOV0912-T103499.99,2025-11-09T16:17:52.603019Z,0.36,2,yes,4f3b59f5-6be5-6638-cd05-b773da427634
KXBTCD-25NOV0912-T103499.99,2025-11-09T16:17:47.620234Z,0.32,1,no,2ea6f9ec-1c15-6e26-9137-ac948b65bd97
KXBTCD-25NOV0912-T103499.99,2025-11-09T16:17:40.550801Z,0.35,500,yes,a39788d0-f16c-4c08-6172-9abb220708fa
KXBTCD-25NOV0912-T103499.99,2025-11-09T16:17:40.550801Z,0.35,7,yes,46b8ddc0-dbed-4707-6a04-a2b22a353bfb
KXBTCD-25NOV0912-T103499.99,2025-11-09T16:17:40.550801Z,0.34,40,yes,365b0f95-633c-41f7-66ed-05bf6e3078d7
KXBTCD-25NOV0912-T103499.99,2025-11-09T16:17:04.163296Z,0.36,52,yes,dd2fabad-e0ff-50d7-977d-a1c397b4a865
KXBTCD-25NOV0912-T103499.99,2025-11-09T16:16:14.690122Z,0.39,5,yes,744b8e87-1467-7fbe-f352-14cf376344a8
KXBTCD-25NOV0912-T103499.99,2025-11-09T16:16:10.007496Z,0.4,23,yes,bbca586c-6141-64a9-fc63-ed5cb1d9961e
KXBTCD-25NOV0912-T103499.99,2025-11-09T16:15:55.648712Z,0.4,3,no,bbcff298-235c-5d33-a5a5-15beecd88b78
KXBTCD-25NOV0912-T103499.99,2025-11-09T16:15:37.886165Z,0.42,3,no,75afe91a-e494-7584-d403-56cb09a330ff
KXBTCD-25NOV0912-T103499.99,2025-11-09T16:15:37.886165Z,0.42,3,no,2c2e5ef9-104d-7ec9-c107-9eadbb49e4ae
KXBTCD-25NOV0912-T103499.99,2025-11-09T16:14:51.902198Z,0.37,3,no,29a28508-cb32-6410-b3ce-588126434682
KXBTCD-25NOV0912-T103499.99,2025-11-09T16:14:46.150813Z,0.4,7,yes,91e947b5-9b50-7394-d47d-616beb74a20f
KXBTCD-25NOV0912-T103499.99,2025-11-09T16:14:44.515923Z,0.4,3,no,6fdcb751-2c70-7d2a-5740-4c79e97b7bc8
KXBTCD-25NOV0912-T103499.99,2025-11-09T16:14:15.04432Z,0.35,1,no,b0ef5f69-8c6e-5d0e-2878-02ca9e436ed6
KXBTCD-25NOV0912-T103499.99,2025-11-09T16:14:15.04432Z,0.35,25,no,53402079-7bdb-5b20-0514-92ea9a0d766a
KXBTCD-25NOV0912-T103499.99,2025-11-09T16:14:15.04432Z,0.35,60,no,3857c39e-a898-5e56-3db0-3e85032f2242
KXBTCD-25NOV0912-T103499.99,2025-11-09T16:13:49.431586Z,0.39,5,yes,154f391c-6df8-472e-1a8f-627ac6302775
KXBTCD-25NOV0912-T103499.99,2025-11-09T16:13:38.059797Z,0.38,3,no,91cecc10-2e57-5fb0-1759-2e231a0809f4
KXBTCD-25NOV0912-T103499.99,2025-11-09T16:13:38.059797Z,0.38,3,no,0cd800bb-dc26-5d6e-387c-aa2ada1400bc
KXBTCD-25NOV0912-T103499.99,2025-11-09T16:13:38.059797Z,0.36,9,no,04afc5ed-b8b6-5057-1976-73f0d0091cd0
KXBTCD-25NOV0912-T103499.99,2025-11-09T16:13:31.150924Z,0.39,3,no,3fb53f2e-be92-5003-f524-d99be74e51c4
KXBTCD-25NOV0912-T103499.99,2025-11-09T16:13:29.992115Z,0.38,3,no,ad14f50a-bdae-7ba0-6617-e70e6945b7ec
KXBTCD-25NOV0912-T103499.99,2025-11-09T16:13:27.335186Z,0.4,25,no,61a2024e-fcb1-5a9e-49b0-84ab23764216
KXBTCD-25NOV0912-T103499.99,2025-11-09T16:13:26.742513Z,0.42,24,no,9eeab74b-c384-61ab-359b-c25f40b07aa5
KXBTCD-25NOV0912-T103499.99,2025-11-09T16:13:26.742513Z,0.42,117,no,7420d84e-ce18-6e73-1a03-c208d6f5d455
KXBTCD-25NOV0912-T103499.99,2025-11-09T16:13:26.71758Z,0.42,500,no,dfa8c951-3cc8-7c63-3e2e-9fb09b16a5ed
KXBTCD-25NOV0912-T103499.99,2025-11-09T16:13:26.588108Z,0.42,500,no,d3b6b6a1-3378-5c1f-350f-19ec214ee505
KXBTCD-25NOV0912-T103499.99,2025-11-09T16:13:26.481759Z,0.43,38,no,f58e7c4a-4bbc-74f7-d49a-7fa0937d1630
KXBTCD-25NOV0912-T103499.99,2025-11-09T16:13:03.605821Z,0.43,2,no,42b94cd3-97ac-4f0b-fc8b-35c29fbbddb0
KXBTCD-25NOV0912-T103499.99,2025-11-09T16:13:00.779659Z,0.45,1,yes,ee18be9b-1925-53ca-eb9e-232e394c8d54
KXBTCD-25NOV0912-T103499.99,2025-11-09T16:12:36.241555Z,0.48,3,no,22e5a252-16b6-5aa6-0ea7-1a6e2aefb17b
KXBTCD-25NOV0912-T103499.99,2025-11-09T16:12:31.874418Z,0.5,9,yes,9124c926-3faf-7dd3-27a3-61c680771f21
KXBTCD-25NOV0912-T103499.99,2025-11-09T16:12:10.162633Z,0.44,99,yes,b6207393-54e6-7819-24d8-c8ba02ab5668
KXBTCD-25NOV0912-T103499.99,2025-11-09T16:12:00.264235Z,0.43,3,no,d7707042-588b-744e-4c48-203c6bf7be81
KXBTCD-25NOV0912-T103499.99,2025-11-09T16:12:00.264235Z,0.42,64,no,1e402d96-2958-75d7-5fdf-ae0c16345b2d
KXBTCD-25NOV0912-T103499.99,2025-11-09T16:11:59.498314Z,0.44,1,yes,bebc8381-461a-5edd-35f2-53ebbaef001c
KXBTCD-25NOV0912-T103499.99,2025-11-09T16:11:49.159855Z,0.42,134,no,dce7c94f-9adc-6a8f-f909-dafda1b1196d
KXBTCD-25NOV0912-T103499.99,2025-11-09T16:11:47.305529Z,0.43,1,no,0786ac0f-2462-6d5f-aec0-f2bb9db277c4
KXBTCD-25NOV0912-T103499.99,2025-11-09T16:11:26.167826Z,0.45,213,yes,3684bee5-6324-4f56-4d9e-9184f692962f
KXBTCD-25NOV0912-T103499.99,2025-11-09T16:11:15.233799Z,0.43,1,no,edfca89a-1b27-6d5c-9540-c614bc7614d2
KXBTCD-25NOV0912-T103499.99,2025-11-09T16:11:15.233799Z,0.43,50,no,0b01f4be-f6ad-6157-ab93-46ed2a7b9e26
KXBTCD-25NOV0912-T103499.99,2025-11-09T16:11:02.075093Z,0.42,20,no,5b49b91e-83a8-6363-aff3-80b06b76542d
KXBTCD-25NOV0912-T103499.99,2025-11-09T16:10:57.991757Z,0.43,3,no,cb25bea8-2031-4433-1c28-bc1f2a6908b2
KXBTCD-25NOV0912-T103499.99,2025-11-09T16:10:57.991757Z,0.43,3,no,b21ece05-81e7-412a-2b96-c61f9ba63116
KXBTCD-25NOV0912-T103499.99,2025-11-09T16:10:57.991757Z,0.43,3,no,738d4e5e-d55c-4f87-1c05-a7c8944bef5f
KXBTCD-25NOV0912-T103499.99,2025-11-09T16:10:55.509109Z,0.43,1,no,a6b68037-3462-49e2-52be-2bde909cebc7
KXBTCD-25NOV0912-T103499.99,2025-11-09T16:10:52.23373Z,0.43,3,no,23a05147-d309-7939-4a85-cd8c953c7bc9
KXBTCD-25NOV0912-T103499.99,2025-11-09T16:10:51.528836Z,0.43,3,no,591dd8e5-a027-53c2-1b83-85e745fae734
KXBTCD-25NOV0912-T103499.99,2025-11-09T16:10:50.655764Z,0.44,22,yes,dba52263-ed79-5a48-f74c-6b5018a88816
KXBTCD-25NOV0912-T103499.99,2025-11-09T16:10:48.101571Z,0.43,40,no,e5a6dc11-5eac-4f73-8e6e-a216a53afbba
KXBTCD-25NOV0912-T103499.99,2025-11-09T16:10:47.88389Z,0.45,14,no,9e7593b2-9e87-7d37-0d96-1de9c5aad168
KXBTCD-25NOV0912-T103499.99,2025-11-09T16:10:37.700491Z,0.49,25,yes,346c2593-6450-5f20-f120-ddde9d3e735b
KXBTCD-25NOV0912-T103499.99,2025-11-09T16:10:37.589484Z,0.45,11,no,70c3cbb4-5d9f-67ef-833c-4476b774bdb0
KXBTCD-25NOV0912-T103499.99,2025-11-09T16:10:37.589484Z,0.47,3,no,1e0e2643-822b-6f54-9802-55bd0a7b24c9
KXBTCD-25NOV0912-T103499.99,2025-11-09T16:10:37.589484Z,0.46,3,no,18bb4218-7b3e-6ec2-bb07-bcd3723ec13d
KXBTCD-25NOV0912-T103499.99,2025-11-09T16:10:36.676932Z,0.49,1,yes,fcbf65c9-33f4-6ea0-f9db-0b43fbaf1b1b
KXBTCD-25NOV0912-T103499.99,2025-11-09T16:10:31.427114Z,0.49,3,yes,9ca0dc55-cb8d-4694-9e0c-42b4711a960e
KXBTCD-25NOV0912-T103499.99,2025-11-09T16:10:27.281699Z,0.49,200,yes,e3a633a4-fcf9-5c21-45a7-87d0adfc06c4
KXBTCD-25NOV0912-T103499.99,2025-11-09T16:10:27.281699Z,0.49,304,yes,bfce4d93-5d51-57c0-6fab-7dc0d332e126
KXBTCD-25NOV0912-T103499.99,2025-11-09T16:10:21.897782Z,0.46,200,no,833810ff-1d8b-6fe5-967d-e5e83c2d5c22
KXBTCD-25NOV0912-T103499.99,2025-11-09T16:10:21.897782Z,0.46,444,no,309c55b3-84b7-67af-a20f-038c635ca9e7
KXBTCD-25NOV0912-T103499.99,2025-11-09T16:10:19.795691Z,0.5,20,no,88e2a47f-0756-7001-cff7-ce52d512a25c
KXBTCD-25NOV0912-T103499.99,2025-11-09T16:10:19.453791Z,0.5,40,no,9335fc27-6876-7a5d-76fa-082a52bab79c
KXBTCD-25NOV0912-T103499.99,2025-11-09T16:10:18.898453Z,0.5,40,no,c2c9f931-5ace-72d5-960b-3f42e994fce0
KXBTCD-25NOV0912-T103499.99,2025-11-09T16:10:10.224597Z,0.53,1,no,f1d33f88-0f4b-4238-76d7-b10e24115da7
KXBTCD-25NOV0912-T103499.99,2025-11-09T16:09:58.428843Z,0.57,1,no,a3dd55ac-3acf-5e52-b030-071f7c51a5d9
KXBTCD-25NOV0912-T103499.99,2025-11-09T16:09:58.428843Z,0.57,1,no,73c7f25b-e7e7-51d2-a072-27be409e4ebd
KXBTCD-25NOV0912-T103499.99,2025-11-09T16:09:54.459421Z,0.58,1,no,db6f165b-8022-6aa6-7e17-760437ee5c62
KXBTCD-25NOV0912-T103499.99,2025-11-09T16:09:54.459421Z,0.58,1,no,3dc8d10d-47b5-630e-65a4-d6cab8a25603
KXBTCD-25NOV0912-T103499.99,2025-11-09T16:09:40.229714Z,0.53,10,yes,cb1475da-bfe5-40a9-6ef3-f2fe1cb8b22c
KXBTCD-25NOV0912-T103499.99,2025-11-09T16:09:21.352426Z,0.52,22,no,4f169656-bd55-7be3-fc6f-fb60a8761a44
KXBTCD-25NOV0912-T103499.99,2025-11-09T16:09:19.112531Z,0.54,1,no,712287a4-0925-6497-391f-89559e1c8f39
KXBTCD-25NOV0912-T103499.99,2025-11-09T16:09:18.952468Z,0.55,1,no,80bdd5fc-0aa9-6e24-f5b7-82e3c82c5aa4
KXBTCD-25NOV0912-T103499.99,2025-11-09T16:09:17.06484Z,0.55,1,no,692d3df5-f9ec-79f5-6d6d-84111e790d29
KXBTCD-25NOV0912-T103499.99,2025-11-09T16:09:16.132109Z,0.55,1,no,f510cd76-98c7-5299-b422-1c49e3c1d3e2
KXBTCD-25NOV0912-T103499.99,2025-11-09T16:09:13.928402Z,0.54,1,no,d1a3b0ba-4594-57f2-731a-ceb13dd5a6a6
KXBTCD-25NOV0912-T103499.99,2025-11-09T16:09:11.896096Z,0.51,1,no,80fa03cc-ce51-482b-7ca6-73df49dcc861
KXBTCD-25NOV0912-T103499.99,2025-11-09T16:09:09.85642Z,0.54,1,no,c7339329-d3b9-7251-ac24-e0bcd46ad864
KXBTCD-25NOV0912-T103499.99,2025-11-09T16:09:07.060833Z,0.59,1,no,fce8b9dd-d32b-6c85-35c4-55e3e5c5fdd9
KXBTCD-25NOV0912-T103499.99,2025-11-09T16:09:07.060833Z,0.59,200,no,f78229b0-6a4e-6f82-29df-11790ca85c47
KXBTCD-25NOV0912-T103499.99,2025-11-09T16:09:07.060833Z,0.59,1,no,2145db6e-b12e-61b0-2b27-31541c7c8264
KXBTCD-25NOV0912-T103499.99,2025-11-09T16:09:07.040319Z,0.59,500,no,48a573a9-993e-6e7a-58f0-4c1b16d58787
KXBTCD-25NOV0912-T103499.99,2025-11-09T16:09:06.986932Z,0.6,1,no,faa782c8-1e59-7db5-148e-a833af3edea5
KXBTCD-25NOV0912-T103499.99,2025-11-09T16:09:06.986932Z,0.6,40,no,0cf1a89a-de79-7886-0f2b-f68867089abe
KXBTCD-25NOV0912-T103499.99,2025-11-09T16:08:40.560421Z,0.61,62,yes,8492c1ba-dbc8-5148-a6f6-72a16babaf74
KXBTCD-25NOV0912-T103499.99,2025-11-09T16:08:29.900507Z,0.62,1,no,41b3adc9-0de5-7db8-691e-59e43aa7ded6
KXBTCD-25NOV0912-T103499.99,2025-11-09T16:08:29.715256Z,0.64,7,yes,50453124-a0d9-67b7-9ccc-1c6099985131
KXBTCD-25NOV0912-T103499.99,2025-11-09T16:08:22.432031Z,0.7,1,no,ca2f0997-7ed4-5097-ddcc-5b4f7be0b666
KXBTCD-25NOV0912-T103499.99,2025-11-09T16:08:22.432031Z,0.69,1,no,9ca96226-7566-5b49-e4ca-4da58f5ba704
KXBTCD-25NOV0912-T103499.99,2025-11-09T16:08:13.911784Z,0.7,40,yes,3f1363f5-5646-61c2-2ee3-4fb79c3eda63
KXBTCD-25NOV0912-T103499.99,2025-11-09T16:08:08.659736Z,0.72,39,no,f3b76555-719f-76e8-589d-53f070b221b0
KXBTCD-25NOV0912-T103499.99,2025-11-09T16:08:07.661009Z,0.72,1,no,787ccf13-657e-6653-ecb6-cdd76415e335
KXBTCD-25NOV0912-T103499.99,2025-11-09T16:08:05.519258Z,0.73,1,no,3d00cbef-6628-5e70-fbd6-cc3e479744aa
KXBTCD-25NOV0912-T103499.99,2025-11-09T16:08:05.519258Z,0.73,1,no,1115c0d8-d968-55f0-c640-8c25ca6dda8f
KXBTCD-25NOV0912-T103499.99,2025-11-09T16:07:48.969471Z,0.74,1,no,654193d7-c677-6eab-b06a-f17eccd13371
KXBTCD-25NOV0912-T103499.99,2025-11-09T16:07:29.103918Z,0.75,1,no,94de0c2e-efb4-61a1-b5f3-ff6f1e06a4d6
KXBTCD-25NOV0912-T103499.99,2025-11-09T16:07:12.034328Z,0.74,1,no,34b710ff-458e-710a-2988-5737c9781e54
KXBTCD-25NOV0912-T103499.99,2025-11-09T16:07:12.034328Z,0.74,1,no,01d29a9b-c89d-7e80-1412-9477b05c1780
KXBTCD-25NOV0912-T103499.99,2025-11-09T16:07:08.851693Z,0.77,1,no,8a1cbc30-ae52-7607-7936-8c1f7dcb9873
KXBTCD-25NOV0912-T103499.99,2025-11-09T16:07:08.851693Z,0.77,1,no,356043f8-9706-7064-5766-ca866f54f84b
KXBTCD-25NOV0912-T103499.99,2025-11-09T16:06:08.051036Z,0.75,1,no,c5f89828-d611-69ae-62cc-06a3fe049734
KXBTCD-25NOV0912-T103499.99,2025-11-09T16:05:12.723651Z,0.71,3,no,bd323375-14ac-7e77-9b04-d075b82d1a75
KXBTCD-25NOV0912-T103499.99,2025-11-09T16:05:01.524812Z,0.68,45,yes,3ca23718-d0cf-46be-5b78-2aa66c3d7e9a
KXBTCD-25NOV0912-T103499.99,2025-11-09T16:05:01.216731Z,0.68,40,yes,b24e667d-4caf-49e6-126d-6298cf01f22e
KXBTCD-25NOV0912-T103499.99,2025-11-09T16:04:58.436924Z,0.68,15,yes,b3a15693-50cb-4566-2cc3-70e1f173a0ba
KXBTCD-25NOV0912-T103499.99,2025-11-09T16:04:35.8562Z,0.65,1,no,e2b1d2d7-01d9-4f24-8a63-9941ab482884
KXBTCD-25NOV0912-T103499.99,2025-11-09T16:04:21.848003Z,0.63,5,no,09f8c4bf-af1d-481b-2d9e-3bfd778682aa
KXBTCD-25NOV0912-T103499.99,2025-11-09T16:04:19.293623Z,0.64,20,yes,3fce719a-e30a-4310-4266-b9b3fcce8478
KXBTCD-25NOV0912-T103499.99,2025-11-09T16:04:08.016747Z,0.6,92,yes,c7bdbd4e-3456-509e-ed84-3e35fd507c97
KXBTCD-25NOV0912-T103499.99,2025-11-09T16:04:07.914689Z,0.6,8,yes,f29e6eb7-cce2-4c72-a77d-fba0ca2b6d9f
KXBTCD-25NOV0912-T103499.99,2025-11-09T16:03:57.83819Z,0.6,40,no,0bcabf43-ba33-5ee0-d3ad-ad6b69b10ab3
KXBTCD-25NOV0912-T103499.99,2025-11-09T16:03:43.231821Z,0.63,86,yes,7f301f25-1488-735d-90ea-e37e42631da4
