ticker,created_time,price,count,taker_side,trade_id
KXBTCD-25NOV0911-T103249.99,2025-11-09T15:55:13.108548Z,0.98,1,yes,1f464c79-7b62-7c63-04c4-717ae7f5bdb5
KXBTCD-25NOV0911-T103249.99,2025-11-09T15:55:10.131627Z,0.98,1,yes,25d27c5b-ea0b-7103-337a-c137fd59e384
KXBTCD-25NOV0911-T103249.99,2025-11-09T15:55:10.131627Z,0.98,1,yes,20f820fe-01bf-705d-09c2-d5d605f83fe1
KXBTCD-25NOV0911-T103249.99,2025-11-09T15:55:04.989307Z,0.97,1,no,7f823aa1-9d95-7fb9-ab2c-b15dfc4d7a9d
KXBTCD-25NOV0911-T103249.99,2025-11-09T15:55:01.113827Z,0.98,1,yes,5538b0d4-3bee-67cf-9fac-5a12be5e4dec
KXBTCD-25NOV0911-T103249.99,2025-11-09T15:55:00.246149Z,0.97,1,no,fab7645c-d15d-4481-7190-7c732748d19d
KXBTCD-25NOV0911-T103249.99,2025-11-09T15:54:49.110706Z,0.98,1,yes,6883ff9e-4c0a-7141-7829-a70cec4b6323
KXBTCD-25NOV0911-T103249.99,2025-11-09T15:54:49.110706Z,0.98,1,yes,1f0d41a2-3854-789c-5e4f-8e9d407738d7
KXBTCD-25NOV0911-T103249.99,2025-11-09T15:54:42.133046Z,0.98,1,yes,cb259b00-6acd-72c0-ca52-0f898cb8590f
KXBTCD-25NOV0911-T103249.99,2025-11-09T15:50:27.122841Z,0.99,14,yes,f1ebff19-3158-6a2a-a1d6-2d920540b4dc
KXBTCD-25NOV0911-T103249.99,2025-11-09T15:50:26.115409Z,0.99,26,yes,743adfc1-147d-4c81-da9d-e3d7fbea42b0
KXBTCD-25NOV0911-T103249.99,2025-11-09T15:50:26.115409Z,0.99,19,yes,1d91bda8-b428-44f2-f2a9-76120f26b080
KXBTCD-25NOV0911-T103249.99,2025-11-09T15:50:26.115409Z,0.99,5,yes,1bcc8b1e-3685-4353-d976-e2e983a16454
KXBTCD-25NOV0911-T103249.99,2025-11-09T15:45:01.643746Z,0.99,240,yes,b87f1ec9-e89a-6cad-f783-ed67decc0b19
KXBTCD-25NOV0911-T103249.99,2025-11-09T15:45:01.643746Z,0.97,38,yes,7d2c318f-a7b5-6a35-d8b1-b5572eab797b
KXBTCD-25NOV0911-T103249.99,2025-11-09T15:45:01.643746Z,0.98,100,yes,78d3510f-136b-60c8-c401-ff42ee06f207
KXBTCD-25NOV0911-T103249.99,2025-11-09T15:45:01.123874Z,0.97,47,yes,e0968dca-08a5-75ad-909b-9eb028379fe7
KXBTCD-25NOV0911-T103249.99,2025-11-09T15:43:41.10102Z,0.97,9,yes,b1ad8ab8-4705-7235-7b8a-ee417285ed13
KXBTCD-25NOV0911-T103249.99,2025-11-09T15:43:39.877734Z,0.97,2,yes,bb199bb3-d029-66dd-07d9-007a93a3d2c3
KXBTCD-25NOV0911-T103249.99,2025-11-09T15:43:37.555139Z,0.97,2,yes,488937bb-afa1-7609-1e1a-f9935f1e2967
KXBTCD-25NOV0911-T103249.99,2025-11-09T15:43:36.732477Z,0.96,100,no,1ab529a9-667c-67f0-9650-3a2cfd2bc703
KXBTCD-25NOV0911-T103249.99,2025-11-09T15:43:35.25467Z,0.97,2,yes,27de5816-0961-6865-e583-548b5c6b1e77
KXBTCD-25NOV0911-T103249.99,2025-11-09T15:42:45.642901Z,0.95,157,no,ed9ec66d-7df1-5283-a9cc-c68d827836ba
KXBTCD-25NOV0911-T103249.99,2025-11-09T15:42:45.642901Z,0.95,30,no,01452393-f07c-5e4a-b9a2-e3639bbbb397
KXBTCD-25NOV0911-T103249.99,2025-11-09T15:42:34.45687Z,0.95,10,no,e167cefd-6ac8-7572-9f08-89df9f92cff7
KXBTCD-25NOV0911-T103249.99,2025-11-09T15:41:27.79272Z,0.93,89,no,8a9c892a-a713-763a-d134-b1e1c9c8403b
KXBTCD-25NOV0911-T103249.99,2025-11-09T15:41:27.79272Z,0.94,200,no,456aa351-dad7-7f38-fbd2-5ab2e094fd43
KXBTCD-25NOV0911-T103249.99,2025-11-09T15:36:27.661555Z,0.96,207,yes,660168f9-a47c-4f94-7537-45a625a226e0
KXBTCD-25NOV0911-T103249.99,2025-11-09T15:35:12.379446Z,0.92,71,yes,be16c3a7-b077-7191-ed5b-03c584d3ba9c
KXBTCD-25NOV0911-T103249.99,2025-11-09T15:35:12.379446Z,0.92,5,yes,0649fb1d-270e-7c70-e0c4-6275df3d7565
KXBTCD-25NOV0911-T103249.99,2025-11-09T15:34:51.874732Z,0.91,68,no,9344755c-912e-539f-c0ac-e7d4e15f1ff4
KXBTCD-25NOV0911-T103249.99,2025-11-09T15:34:51.874732Z,0.91,1,no,80af1711-50f4-508c-d92d-61a9b6f3c0df
KXBTCD-25NOV0911-T103249.99,2025-11-09T15:34:42.756981Z,0.89,17,no,be19942f-03c0-6908-ab69-1208cbaee2f0
KXBTCD-25NOV0911-T103249.99,2025-11-09T15:34:33.781039Z,0.9,1,no,e4b25b5f-f732-47c4-6742-605d249fed95
KXBTCD-25NOV0911-T103249.99,2025-11-09T15:34:33.781039Z,0.9,1,no,9e0be037-25c3-48ac-7fcc-9fe7d7d2da3e
KXBTCD-25NOV0911-T103249.99,2025-11-09T15:34:33.781039Z,0.9,200,no,6e8ba4e4-eb95-47a7-7aa1-2a6edd82becc
KXBTCD-25NOV0911-T103249.99,2025-11-09T15:34:33.781039Z,0.9,1,no,6de14510-60b3-4149-7bd4-4964c957e526
KXBTCD-25NOV0911-T103249.99,2025-11-09T15:34:31.445665Z,0.91,108,yes,8278527b-6b81-6ad1-3f73-1cc37f86c2fc
KXBTCD-25NOV0911-T103249.99,2025-11-09T15:34:31.276347Z,0.91,1,no,91055101-4241-577e-3f4f-f5c6c789165e
KXBTCD-25NOV0911-T103249.99,2025-11-09T15:34:31.276347Z,0.91,1,no,35633e9c-1654-5574-0bd0-75684d9db848
KXBTCD-25NOV0911-T103249.99,2025-11-09T15:34:12.577902Z,0.89,18,yes,8d0f4128-f68a-466f-986c-73469e68c15b
KXBTCD-25NOV0911-T103249.99,2025-11-09T15:33:59.875208Z,0.88,15,no,45277fa4-34a0-6525-11f6-2a73f384f30c
KXBTCD-25NOV0911-T103249.99,2025-11-09T15:33:29.167155Z,0.88,14,no,59ce1207-7964-5304-4249-3e101ea1eeea
KXBTCD-25NOV0911-T103249.99,2025-11-09T15:32:52.979628Z,0.85,198,yes,a51d4541-c1d8-5066-fbb0-7e4ae23ee67f
KXBTCD-25NOV0911-T103249.99,2025-11-09T15:32:38.35064Z,0.85,1,no,a0f489a7-ff9b-61d4-640b-c18d96d33851
KXBTCD-25NOV0911-T103249.99,2025-11-09T15:32:38.35064Z,0.85,1,no,54529584-6779-61d5-408d-1b11e6d30c92
KXBTCD-25NOV0911-T103249.99,2025-11-09T15:32:15.739238Z,0.85,1,no,a4c658d2-353f-769d-a810-e0a0f74a1126
KXBTCD-25NOV0911-T103249.99,2025-11-09T15:32:15.739238Z,0.85,1,no,9804cb86-9aea-70cc-9684-bbb3f41d30cc
KXBTCD-25NOV0911-T103249.99,2025-11-09T15:32:15.739238Z,0.85,1,no,58281911-622a-7ae8-943c-be86e6f13b9c
KXBTCD-25NOV0911-T103249.99,2025-11-09T15:32:12.379966Z,0.84,10,yes,8e3dcfa8-791f-4ff2-550b-b3d2a2d40b0c
KXBTCD-25NOV0911-T103249.99,2025-11-09T15:31:43.153851Z,0.8,46,no,b82d6f7d-de30-42ea-f809-48cf16ac23ff
KXBTCD-25NOV0911-T103249.99,2025-11-09T15:31:43.153851Z,0.81,1,no,2ca1cdbc-4bd3-4343-d00e-331f5c37b5ab
KXBTCD-25NOV0911-T103249.99,2025-11-09T15:31:33.063205Z,0.82,1,no,ac5105a2-7105-61a9-c76b-c95ef6c07470
KXBTCD-25NOV0911-T103249.99,2025-11-09T15:31:31.122345Z,0.82,1,no,bc4b866c-7d59-5e3f-64ec-023e1eca63f8
KXBTCD-25NOV0911-T103249.99,2025-11-09T15:31:31.122345Z,0.82,1,no,613f710a-aa84-5c1e-4d15-a8b169b77b84
KXBTCD-25NOV0911-T103249.99,2025-11-09T15:31:26.761778Z,0.82,1,no,263a3455-8703-56cd-df06-f138f4bc1d52
KXBTCD-25NOV0911-T103249.99,2025-11-09T15:31:25.881924Z,0.82,1,no,0c63881b-6098-501f-2873-01ad1b205a58
KXBTCD-25NOV0911-T103249.99,2025-11-09T15:31:19.372238Z,0.81,1,no,c765c3b8-22a0-49c7-969f-5cf00ef86984
KXBTCD-25NOV0911-T103249.99,2025-11-09T15:31:19.372238Z,0.81,1,no,5ea2c958-038f-40a9-86b2-c957622876b7
KXBTCD-25NOV0911-T103249.99,2025-11-09T15:31:07.375793Z,0.81,1,no,c9746ebd-bd07-6f27-faeb-1ff1411b0ca6
KXBTCD-25NOV0911-T103249.99,2025-11-09T15:31:07.375793Z,0.81,1,no,46e944e2-5f65-6f8b-d498-c12a956640c0
KXBTCD-25NOV0911-T103249.99,2025-11-09T15:31:07.375793Z,0.81,1,no,1ca51db9-fc01-603e-d3d6-5615bd6d918c
KXBTCD-25NOV0911-T103249.99,2025-11-09T15:31:04.878776Z,0.82,1,no,f212f909-1002-69c3-0df9-bc69759e4c58
KXBTCD-25NOV0911-T103249.99,2025-11-09T15:31:04.878776Z,0.82,1,no,9fa99b97-3b61-6162-135c-29d965f78570
KXBTCD-25NOV0911-T103249.99,2025-11-09T15:31:01.123456Z,0.83,1,no,f0463303-984d-7482-0504-3819130c3879
KXBTCD-25NOV0911-T103249.99,2025-11-09T15:31:01.123456Z,0.83,1,no,66bee313-14e8-7539-3448-2fed99e72370
KXBTCD-25NOV0911-T103249.99,2025-11-09T15:30:59.74683Z,0.83,92,no,80f6340a-a729-58d3-a34d-fb2d102169e4
KXBTCD-25NOV0911-T103249.99,2025-11-09T15:30:49.659961Z,0.82,1,no,e93a33d9-596d-63b7-0bc4-fa509b015ecb
KXBTCD-25NOV0911-T103249.99,2025-11-09T15:30:48.021669Z,0.82,1,no,e3b122b9-6fb1-4e7d-52cb-c92fbf9b96a4
KXBTCD-25NOV0911-T103249.99,2025-11-09T15:30:44.571569Z,0.82,1,no,a1d03d84-cf66-6f89-ece9-12c42cdceb79
KXBTCD-25NOV0911-T103249.99,2025-11-09T15:30:44.571569Z,0.82,1,no,57262c5a-bbee-6e2e-fb73-e3f43f3f5c76
KXBTCD-25NOV0911-T103249.99,2025-11-09T15:30:23.769672Z,0.81,1,no,9f40af7d-8a06-612c-3793-1b80bc70c73b
KXBTCD-25NOV0911-T103249.99,2025-11-09T15:30:23.769672Z,0.81,1,no,1f56f54e-78f8-68f0-19d5-3a727f757c6b
KXBTCD-25NOV0911-T103249.99,2025-11-09T15:30:18.294813Z,0.81,1,no,f76ad126-503b-6595-2b0d-6eece9757a32
KXBTCD-25NOV0911-T103249.99,2025-11-09T15:30:18.294813Z,0.81,1,no,f1a68e41-9049-6853-214e-0d29cf605e60
KXBTCD-25NOV0911-T103249.99,2025-11-09T15:30:13.171473Z,0.83,1,no,8f068dc3-9767-6460-8b9a-855e34b12eae
KXBTCD-25NOV0911-T103249.99,2025-11-09T15:30:13.171473Z,0.83,1,no,17c6a3c1-88ce-6a28-9dc9-6c8c4e4a733b
KXBTCD-25NOV0911-T103249.99,2025-11-09T15:30:08.887939Z,0.84,1,no,c346e2cd-287f-695b-de03-3088734501e5
KXBTCD-25NOV0911-T103249.99,2025-11-09T15:30:08.887939Z,0.84,1,no,272b5a86-ea78-6ad8-c936-829704a4d888
KXBTCD-25NOV0911-T103249.99,2025-11-09T15:29:49.966483Z,0.84,1,no,d370b8b7-b698-48cf-6181-e26ded7f121c
KXBTCD-25NOV0911-T103249.99,2025-11-09T15:29:49.966483Z,0.84,1,no,b723f6ad-e962-4fde-62ac-eddf4c1702f7
KXBTCD-25NOV0911-T103249.99,2025-11-09T15:29:38.678062Z,0.84,1,no,2d1d73a2-060f-4c22-4e74-0543edaa3f0f
KXBTCD-25NOV0911-T103249.99,2025-11-09T15:29:32.047367Z,0.84,1,no,6463677f-dfa1-7006-d21b-78045baf8893
KXBTCD-25NOV0911-T103249.99,2025-11-09T15:28:44.758104Z,0.77,1,no,afce315d-e00d-5012-2270-7c443c3b55d6
KXBTCD-25NOV0911-T103249.99,2025-11-09T15:28:44.758104Z,0.77,1,no,a2b22d56-9732-5201-15bb-53f3117978e7
KXBTCD-25NOV0911-T103249.99,2025-11-09T15:28:31.81474Z,0.77,1,no,81c59284-7c71-7fe0-215c-c43a4826660d
KXBTCD-25NOV0911-T103249.99,2025-11-09T15:28:31.81474Z,0.77,1,no,248716a8-ce4b-72ba-2533-07e23ffd042e
KXBTCD-25NOV0911-T103249.99,2025-11-09T15:27:59.923807Z,0.79,1,no,da25c236-4959-4855-90fc-47327dcac1a6
KXBTCD-25NOV0911-T103249.99,2025-11-09T15:27:59.923807Z,0.79,1,no,6fbd5a43-2d9b-4872-b1c3-ecd1d62b7bee
KXBTCD-25NOV0911-T103249.99,2025-11-09T15:27:59.923807Z,0.79,1,no,1e258002-5c2f-4266-8449-095e6698c774
KXBTCD-25NOV0911-T103249.99,2025-11-09T15:27:28.88014Z,0.8,1,no,c153f59a-9464-7677-2bf1-f8671c20f8bf
KXBTCD-25NOV0911-T103249.99,2025-11-09T15:27:28.88014Z,0.8,1,no,631806fa-5cf3-7b05-07a8-3b9ae5bc84e5
KXBTCD-25NOV0911-T103249.99,2025-11-09T15:27:28.88014Z,0.8,1,no,4a6e4c87-41f3-78cb-2c13-6b6aa7521296
KXBTCD-25NOV0911-T103249.99,2025-11-09T15:27:25.363301Z,0.81,1,no,c52a4f5e-20a6-42c1-f1c0-7bbf04c412d8
KXBTCD-25NOV0911-T103249.99,2025-11-09T15:27:25.363301Z,0.81,1,no,5f26440b-ea4a-41ef-edf5-8ee48c29c836
KXBTCD-25NOV0911-T103249.99,2025-11-09T15:27:25.363301Z,0.81,1,no,153a718e-eca7-46af-f55c-ae412321dbc9
KXBTCD-25NOV0911-T103249.99,2025-11-09T15:27:03.962295Z,0.8,92,yes,04944033-39ef-7dd4-d11b-0d1c4400014c
KXBTCD-25NOV0911-T103249.99,2025-11-09T15:27:02.212139Z,0.76,50,yes,c77da9f6-9b74-4e0c-f17c-5743284e4b40
KXBTCD-25NOV0911-T103249.99,2025-11-09T15:26:19.202445Z,0.75,8,yes,0433d587-319b-78e9-0214-c0bfd3d6bd74
KXBTCD-25NOV0911-T103249.99,2025-11-09T15:26:05.33986Z,0.73,3,yes,ae5c33bb-9558-6112-20b2-9287a710a59a
KXBTCD-25NOV0911-T103249.99,2025-11-09T15:26:02.136362Z,0.74,1,no,e3f9e2d9-9242-4ca3-7c9d-229c9b4b07c8
KXBTCD-25NOV0911-T103249.99,2025-11-09T15:25:56.500657Z,0.75,1,no,a41085a8-cfcb-55f9-c2ed-b3eea57f3200
KXBTCD-25NOV0911-T103249.99,2025-11-09T15:25:56.500657Z,0.75,1,no,6c9d4284-d595-5cbf-fae7-f27b16621f30
KXBTCD-25NOV0911-T103249.99,2025-11-09T15:25:31.050634Z,0.74,1,no,a6497921-cd46-5480-4566-35cf61081827
KXBTCD-25NOV0911-T103249.99,2025-11-09T15:25:31.050634Z,0.74,1,no,15b6e875-129f-54d4-5b50-47edda26269d
KXBTCD-25NOV0911-T103249.99,2025-11-09T15:25:26.959767Z,0.74,1,no,deff2667-385b-6c8f-ff86-da5610a3c7de
KXBTCD-25NOV0911-T103249.99,2025-11-09T15:25:26.959767Z,0.74,1,no,cf7a3229-1cb9-6204-c93d-b7026dacf80c
KXBTCD-25NOV0911-T103249.99,2025-11-09T15:25:26.959767Z,0.74,1,no,72e364f2-f201-6fb0-c12c-76e5786e4c60
KXBTCD-25NOV0911-T103249.99,2025-11-09T15:25:03.475677Z,0.71,1,no,60528068-22f7-6f96-c4f7-695bda3a525d
KXBTCD-25NOV0911-T103249.99,2025-11-09T15:25:01.750899Z,0.72,1,no,9d89fd11-5e9e-7594-98ad-8bc6222c7e27
KXBTCD-25NOV0911-T103249.99,2025-11-09T15:25:01.750899Z,0.72,1,no,78e4e81e-f24d-73ae-a589-b1c15859a316
KXBTCD-25NOV0911-T103249.99,2025-11-09T15:25:01.750899Z,0.72,1,no,5d99c1e1-e9ff-7dbc-bcb9-108beb321cd5
KXBTCD-25NOV0911-T103249.99,2025-11-09T15:24:55.335921Z,0.72,1,no,a08c663a-377c-77e6-30bd-b113c0d42758
KXBTCD-25NOV0911-T103249.99,2025-11-09T15:24:55.335921Z,0.7,1,no,52194ebe-687a-759b-1ac9-c407b7e13b9e
KXBTCD-25NOV0911-T103249.99,2025-11-09T15:24:55.335921Z,0.72,1,no,4ec390bd-f6e2-7ead-29c0-63d077c417f5
KXBTCD-25NOV0911-T103249.99,2025-11-09T15:24:50.068012Z,0.72,1,no,6d585d4e-6947-63ea-dbb6-0d07a4601026
KXBTCD-25NOV0911-T103249.99,2025-11-09T15:24:50.068012Z,0.71,10,no,537aac83-8b49-6841-ea6d-52b178133d3d
KXBTCD-25NOV0911-T103249.99,2025-11-09T15:24:50.068012Z,0.7,97,no,3287b784-ebac-6664-d574-6a27246010a8
KXBTCD-25NOV0911-T103249.99,2025-11-09T15:24:47.779036Z,0.73,1,no,8c23c7cd-b7d0-6cfa-2e62-fd105685a42c
KXBTCD-25NOV0911-T103249.99,2025-11-09T15:24:47.779036Z,0.73,1,no,508ceff2-4abb-6373-2bce-c7a23a96ca77
KXBTCD-25NOV0911-T103249.99,2025-11-09T15:24:44.435772Z,0.74,1,no,e70df308-e100-6dce-0e5c-4830649c78e0
KXBTCD-25NOV0911-T103249.99,2025-11-09T15:24:44.435772Z,0.74,1,no,48274c6f-2a85-6632-357f-0c04a2a5f2c0
KXBTCD-25NOV0911-T103249.99,2025-11-09T15:24:33.818898Z,0.74,1,no,9bc6ffbc-0bec-78ad-4aa8-253797b411c5
KXBTCD-25NOV0911-T103249.99,2025-11-09T15:24:30.015264Z,0.74,1,no,cb109157-97a3-6c2c-cf18-a62e8ec9f129
KXBTCD-25NOV0911-T103249.99,2025-11-09T15:24:30.015264Z,0.74,1,no,4c8cef0e-d63e-6053-d123-91f78a5dd281
KXBTCD-25NOV0911-T103249.99,2025-11-09T15:24:14.073939Z,0.74,1,no,b296ca00-2ea2-45e5-0b0b-055dc714625e
KXBTCD-25NOV0911-T103249.99,2025-11-09T15:24:11.615218Z,0.75,1,no,6a29291c-2f64-4078-35c2-48f0713d12f7
KXBTCD-25NOV0911-T103249.99,2025-11-09T15:24:11.615218Z,0.75,1,no,1ccc3e9b-b75c-4164-024a-05a8a5905d1f
KXBTCD-25NOV0911-T103249.99,2025-11-09T15:24:09.364208Z,0.76,1,no,f70e9384-682a-776b-104d-6ae5b8f6435b
KXBTCD-25NOV0911-T103249.99,2025-11-09T15:24:09.364208Z,0.76,1,no,e0a9c8b8-9dca-7ad1-3dfe-77cf98fa148f
KXBTCD-25NOV0911-T103249.99,2025-11-09T15:23:59.919575Z,0.79,1,no,d6dc88c1-d056-612c-f946-93a02b22c690
KXBTCD-25NOV0911-T103249.99,2025-11-09T15:23:58.213131Z,0.8,1,no,b91c4e9e-d1ee-6975-3107-9a9ef23cf409
KXBTCD-25NOV0911-T103249.99,2025-11-09T15:23:55.736339Z,0.8,1,no,958c6dd4-bed6-4704-1396-fe1976a8b2b8
KXBTCD-25NOV0911-T103249.99,2025-11-09T15:23:53.518546Z,0.8,1,no,49849a32-889a-5166-b85e-2bfb84d8d2e1
KXBTCD-25NOV0911-T103249.99,2025-11-09T15:23:52.362387Z,0.8,1,no,d8e85fb2-7b5f-625b-9c12-a4b853e25868
KXBTCD-25NOV0911-T103249.99,2025-11-09T15:23:49.070833Z,0.79,10,yes,3855166d-f6c6-7cac-18bd-094a6a97c9b3
KXBTCD-25NOV0911-T103249.99,2025-11-09T15:23:23.075694Z,0.76,1,no,b0512f45-ae5d-7471-baa0-d667b0bec6c9
KXBTCD-25NOV0911-T103249.99,2025-11-09T15:23:22.008901Z,0.76,1,no,3df9af40-3f72-6177-93aa-8c828fe45807
KXBTCD-25NOV0911-T103249.99,2025-11-09T15:23:13.313496Z,0.77,1,no,261fc7d2-6d80-52cf-83d4-cf1fbf52e1a1
KXBTCD-25NOV0911-T103249.99,2025-11-09T15:22:55.562125Z,0.75,40,no,da80190c-08fd-5da6-83ad-e4dc29ff5708
KXBTCD-25NOV0911-T103249.99,2025-11-09T15:22:55.387946Z,0.76,1,no,d07eebc7-3216-41ed-2dc4-00b715c56e94
KXBTCD-25NOV0911-T103249.99,2025-11-09T15:22:55.387946Z,0.76,1,no,0f3d9eb1-fc6e-4d19-1242-136e84c89e07
KXBTCD-25NOV0911-T103249.99,2025-11-09T15:22:42.419147Z,0.77,1,no,24fcac30-450c-7295-9b17-0e3a91dabf97
KXBTCD-25NOV0911-T103249.99,2025-11-09T15:22:35.657858Z,0.78,6,yes,66dd5288-5296-77b0-0995-ddf07f968a35
KXBTCD-25NOV0911-T103249.99,2025-11-09T15:22:33.184443Z,0.79,1,no,ee8d5655-ff08-7c04-27bc-e31e53638cb6
KXBTCD-25NOV0911-T103249.99,2025-11-09T15:22:33.184443Z,0.79,1,no,21b23ad9-ad92-7f4c-1167-6a2175a68fcc
KXBTCD-25NOV0911-T103249.99,2025-11-09T15:22:24.13168Z,0.8,1,no,e384fe2c-a590-5b8f-e9ae-4faf9cadb7d3
KXBTCD-25NOV0911-T103249.99,2025-11-09T15:22:24.13168Z,0.8,1,no,7663fbcb-fbfc-5c7f-ddee-54c43aaf1371
KXBTCD-25NOV0911-T103249.99,2025-11-09T15:22:20.511417Z,0.81,1,no,bc10daaf-b726-4733-07d9-74416272638f
KXBTCD-25NOV0911-T103249.99,2025-11-09T15:22:20.511417Z,0.81,1,no,a3405250-c1a0-4e38-3d18-96fda71f2b7a
KXBTCD-25NOV0911-T103249.99,2025-11-09T15:22:18.707306Z,0.82,1,no,64009baf-a4ff-4f89-4b41-13170dd8251a
KXBTCD-25NOV0911-T103249.99,2025-11-09T15:22:00.86328Z,0.81,1,no,b6f85973-a864-50bf-38ed-9819a6f6ccc4
KXBTCD-25NOV0911-T103249.99,2025-11-09T15:22:00.86328Z,0.81,1,no,a5390ca6-3e6c-51bf-0dd8-5974b05558c9
KXBTCD-25NOV0911-T103249.99,2025-11-09T15:21:57.143546Z,0.81,1,no,6817ee23-b9ee-4b68-3b15-bf2036ca6abc
KXBTCD-25NOV0911-T103249.99,2025-11-09T15:21:57.143546Z,0.81,1,no,44849622-54a8-4b20-0222-311f93a3006f
KXBTCD-25NOV0911-T103249.99,2025-11-09T15:21:49.577822Z,0.8,1,no,78b5504e-8c1b-7d17-3536-cbbdfe8c0054
KXBTCD-25NOV0911-T103249.99,2025-11-09T15:21:49.577822Z,0.8,1,no,61b3e91b-3669-70d2-3de7-aee42a57d73a
KXBTCD-25NOV0911-T103249.99,2025-11-09T15:21:49.577822Z,0.8,1,no,0ae21e21-253f-73e5-3cc5-53d7ec1b6b62
KXBTCD-25NOV0911-T103249.99,2025-11-09T15:21:48.641686Z,0.81,6,yes,f8cbc38e-0306-6888-fc04-ff2dc915cb27
KXBTCD-25NOV0911-T103249.99,2025-11-09T15:21:43.531921Z,0.82,1,no,23d1f504-ea71-5216-5c82-728cb6493860
KXBTCD-25NOV0911-T103249.99,2025-11-09T15:21:43.531921Z,0.82,1,no,1798f8b3-a8c8-57e3-7e4b-e7656199da9b
KXBTCD-25NOV0911-T103249.99,2025-11-09T15:21:27.876044Z,0.82,1,no,cf9e3da3-3afe-5356-6a8f-2df29bc362e3
KXBTCD-25NOV0911-T103249.99,2025-11-09T15:21:27.876044Z,0.82,1,no,a799a38c-3661-5d8a-7184-092ee30cf44f
KXBTCD-25NOV0911-T103249.99,2025-11-09T15:21:22.765281Z,0.82,108,yes,7f3cea97-601e-4ca1-5755-abd078387330
KXBTCD-25NOV0911-T103249.99,2025-11-09T15:21:01.976135Z,0.79,1,no,b0c8efa1-35aa-550f-bf3c-619bbbc0944d
KXBTCD-25NOV0911-T103249.99,2025-11-09T15:21:01.976135Z,0.77,118,no,60bcb360-6aa8-5497-a651-13d538a907f5
KXBTCD-25NOV0911-T103249.99,2025-11-09T15:21:00.475126Z,0.8,1,no,5145a3ec-d419-7d64-6932-85bde6d62460
KXBTCD-25NOV0911-T103249.99,2025-11-09T15:21:00.475126Z,0.8,1,no,0b083c71-88a3-7986-5b00-1f32216105bd
KXBTCD-25NOV0911-T103249.99,2025-11-09T15:20:49.272841Z,0.8,30,yes,581ab2af-6531-7931-66bd-4d333d42b12b
KXBTCD-25NOV0911-T103249.99,2025-11-09T15:20:49.032538Z,0.8,1,no,dc47bf30-2897-4f86-9e94-aaade2064467
KXBTCD-25NOV0911-T103249.99,2025-11-09T15:20:41.478579Z,0.8,1,no,a6423198-424b-6f4c-a596-62e7e5c90aa3
KXBTCD-25NOV0911-T103249.99,2025-11-09T15:20:41.478579Z,0.8,1,no,8555a381-2a7a-6542-a44c-93d729222dc3
KXBTCD-25NOV0911-T103249.99,2025-11-09T15:20:26.013639Z,0.77,1,no,49cf0f32-35ea-4686-7ddf-a830b7be4414
KXBTCD-25NOV0911-T103249.99,2025-11-09T15:20:07.062779Z,0.77,1,no,550f0e51-d1cc-594c-33c8-e06218664d05
KXBTCD-25NOV0911-T103249.99,2025-11-09T15:20:06.430946Z,0.78,1,no,ca88da07-6316-4ed2-c514-7db4f073aad7
KXBTCD-25NOV0911-T103249.99,2025-11-09T15:20:06.430946Z,0.78,1,no,8821a49f-b49d-45da-d4f4-6d99ba0314e8
KXBTCD-25NOV0911-T103249.99,2025-11-09T15:20:00.543303Z,0.78,1,no,83734edc-47fd-64aa-4b0e-affd35fc4152
KXBTCD-25NOV0911-T103249.99,2025-11-09T15:20:00.543303Z,0.78,1,no,4c93e824-985f-65b8-5e89-d3b633554b30
KXBTCD-25NOV0911-T103249.99,2025-11-09T15:19:58.032844Z,0.79,1,no,dd4bc651-aaee-54b9-f5eb-f89855ae14c9
KXBTCD-25NOV0911-T103249.99,2025-11-09T15:19:55.854612Z,0.79,1,no,ada872e2-7f89-641c-5883-f1978bb5e7de
KXBTCD-25NOV0911-T103249.99,2025-11-09T15:19:55.854612Z,0.79,1,no,47cbd73d-803e-6509-74ca-e80814a661a4
KXBTCD-25NOV0911-T103249.99,2025-11-09T15:19:25.532924Z,0.74,103,no,fd7f353a-3e67-506e-4e9f-739c4b2efbf2
KXBTCD-25NOV0911-T103249.99,2025-11-09T15:19:25.532924Z,0.75,40,no,f465afa0-d731-5ae3-7b4c-3289a2016ed1
KXBTCD-25NOV0911-T103249.99,2025-11-09T15:19:25.532924Z,0.76,1,no,02d52c48-c9a3-56ea-7983-5788ef1dd931
KXBTCD-25NOV0911-T103249.99,2025-11-09T15:19:25.532924Z,0.75,200,no,010cb675-4b88-5818-4285-d59740b39011
KXBTCD-25NOV0911-T103249.99,2025-11-09T15:19:24.175555Z,0.77,1,no,8a51bcd2-a955-4b55-676f-42a78002d6d3
KXBTCD-25NOV0911-T103249.99,2025-11-09T15:19:09.776403Z,0.75,1,yes,5129f8af-b073-5401-0209-484d4fc31ec1
KXBTCD-25NOV0911-T103249.99,2025-11-09T15:19:09.538674Z,0.74,494,no,c0030c9e-5bfc-5e22-7f79-fc6dff12a142
KXBTCD-25NOV0911-T103249.99,2025-11-09T15:18:53.021689Z,0.72,1,no,e48d0070-ade1-5747-a8b7-bd3251dde6c1
KXBTCD-25NOV0911-T103249.99,2025-11-09T15:18:52.119145Z,0.72,1,no,7ef8c54f-6e66-47c5-3607-b5257cf6058d
KXBTCD-25NOV0911-T103249.99,2025-11-09T15:18:49.730888Z,0.71,1,no,df2e7d63-aa72-4d15-b4c9-7ce19d4eeda0
KXBTCD-25NOV0911-T103249.99,2025-11-09T15:18:49.730888Z,0.71,1,no,21ffddec-a51c-446c-9dc2-6efbcfe5ae48
KXBTCD-25NOV0911-T103249.99,2025-11-09T15:18:47.138046Z,0.72,1,no,9d7151e6-6617-5975-5056-111e9fc3dac4
KXBTCD-25NOV0911-T103249.99,2025-11-09T15:18:47.138046Z,0.72,1,no,6f0ef335-93cd-5d03-40f5-58cb46423649
KXBTCD-25NOV0911-T103249.99,2025-11-09T15:18:42.561832Z,0.73,1,no,90fd16ed-aab1-7418-76e9-48d85d37322b
KXBTCD-25NOV0911-T103249.99,2025-11-09T15:18:41.389039Z,0.73,1,no,ebda5894-f357-752f-4595-a6113794e2c0
KXBTCD-25NOV0911-T103249.99,2025-11-09T15:18:41.389039Z,0.73,1,no,0d32bc0b-4af9-7c94-6513-b544692c7b97
KXBTCD-25NOV0911-T103249.99,2025-11-09T15:18:40.79285Z,0.74,17,yes,8c5950f5-a545-403d-b96a-1f69210f47fe
KXBTCD-25NOV0911-T103249.99,2025-11-09T15:18:37.035327Z,0.76,1,no,dad9c106-8bb6-58ff-8cb6-3014bed81596
KXBTCD-25NOV0911-T103249.99,2025-11-09T15:18:37.035327Z,0.76,1,no,80b8f53f-b0eb-5b62-9e80-bb968a4c3ada
KXBTCD-25NOV0911-T103249.99,2025-11-09T15:18:23.425706Z,0.72,1,no,2d1916b5-3429-4680-4436-f6275029e71f
KXBTCD-25NOV0911-T103249.99,2025-11-09T15:18:10.774584Z,0.72,1,yes,d47fe647-d90e-6bd0-d240-292c68eaf2f3
KXBTCD-25NOV0911-T103249.99,2025-11-09T15:17:21.240048Z,0.69,69,yes,df1ddcd0-525b-647f-3620-861492e6ebf2
KXBTCD-25NOV0911-T103249.99,2025-11-09T15:17:15.154557Z,0.68,200,yes,e5781283-cee0-58da-af27-e6a6975e9d67
KXBTCD-25NOV0911-T103249.99,2025-11-09T15:17:10.826099Z,0.68,14,yes,299cdc3c-e1c4-7ab7-2792-92a5ec264af3
KXBTCD-25NOV0911-T103249.99,2025-11-09T15:17:01.562651Z,0.67,1,no,d395f017-9c68-45f3-fecb-50dbe6b844f7
KXBTCD-25NOV0911-T103249.99,2025-11-09T15:17:01.562651Z,0.67,1,no,7872c1d9-1bdd-418d-c892-208c0ce2d7e6
KXBTCD-25NOV0911-T103249.99,2025-11-09T15:16:47.937668Z,0.67,119,yes,767fe41b-7a78-53d4-a798-c8e17e5774e8
KXBTCD-25NOV0911-T103249.99,2025-11-09T15:16:46.657109Z,0.66,1,no,b9cda08b-58d7-6424-4ff1-c32e6b2d0b2f
KXBTCD-25NOV0911-T103249.99,2025-11-09T15:16:46.657109Z,0.64,1,no,9b50ab22-3454-6643-555a-350220e9f447
KXBTCD-25NOV0911-T103249.99,2025-11-09T15:16:46.657109Z,0.66,1,no,33cbd01a-41f0-625e-7f5d-7a5053e152ed
KXBTCD-25NOV0911-T103249.99,2025-11-09T15:16:46.657109Z,0.66,1,no,1c9c2d78-bcde-669e-7f14-b4eed5bc21df
KXBTCD-25NOV0911-T103249.99,2025-11-09T15:16:31.576245Z,0.66,1,no,e9b1d505-982a-517a-e2ee-460af86e862c
KXBTCD-25NOV0911-T103249.99,2025-11-09T15:16:25.687499Z,0.67,1,no,b40d457c-804b-72cd-f9ca-5a05f8942fe4
KXBTCD-25NOV0911-T103249.99,2025-11-09T15:16:25.687499Z,0.67,1,no,14519fd1-379f-7965-e39e-f17b75dbe62c
KXBTCD-25NOV0911-T103249.99,2025-11-09T15:16:05.128988Z,0.64,1,no,e119f4cc-5023-698a-0fce-6abe0080dc76
KXBTCD-25NOV0911-T103249.99,2025-11-09T15:16:05.128988Z,0.64,1,no,147101bb-150d-6e88-33b4-4012b1743122
KXBTCD-25NOV0911-T103249.99,2025-11-09T15:15:42.99813Z,0.64,1,no,d21cd376-f8c6-62fa-67da-779f59f23e8b
KXBTCD-25NOV0911-T103249.99,2025-11-09T15:15:42.99813Z,0.64,1,no,6a25c52a-c5f9-681d-4048-48b2441e80d6
KXBTCD-25NOV0911-T103249.99,2025-11-09T15:15:22.895465Z,0.59,154,yes,7d4f997e-f491-6c98-d3b0-183932e90199
KXBTCD-25NOV0911-T103249.99,2025-11-09T15:15:12.237454Z,0.6,1,no,900890ab-1cd9-445a-0d82-c3d4f400e4c8
KXBTCD-25NOV0911-T103249.99,2025-11-09T15:15:08.404837Z,0.61,1,no,c460c48d-4082-6666-eeac-57f96159f9ee
KXBTCD-25NOV0911-T103249.99,2025-11-09T15:14:51.948576Z,0.59,1,no,89669414-da67-6f4c-21bb-260c45ca4a01
KXBTCD-25NOV0911-T103249.99,2025-11-09T15:14:51.948576Z,0.59,1,no,4263416a-67f1-6f84-26d3-421dfe26e7e1
KXBTCD-25NOV0911-T103249.99,2025-11-09T15:14:43.643148Z,0.6,1,no,edf5c92a-ecdd-5d60-96f3-8bfc0bae5532
KXBTCD-25NOV0911-T103249.99,2025-11-09T15:14:33.886331Z,0.61,1,no,f5c9d844-c4a2-5788-1a64-10c23298a242
KXBTCD-25NOV0911-T103249.99,2025-11-09T15:14:33.886331Z,0.61,1,no,398b6be3-aa34-5bd6-14de-44f10c4aa3c3
KXBTCD-25NOV0911-T103249.99,2025-11-09T15:14:33.886331Z,0.61,1,no,19094305-9d14-537b-12bd-20c1ee322959
KXBTCD-25NOV0911-T103249.99,2025-11-09T15:14:16.990308Z,0.62,1,no,f395da2b-316b-78d6-61cc-bcd95248bb5d
KXBTCD-25NOV0911-T103249.99,2025-11-09T15:14:16.990308Z,0.62,1,no,4ce1ec42-859e-76bc-60ba-581424a1e20e
KXBTCD-25NOV0911-T103249.99,2025-11-09T15:14:16.990308Z,0.62,1,no,4c6b26ba-afb1-78a9-6375-460465489898
KXBTCD-25NOV0911-T103249.99,2025-11-09T15:13:50.717256Z,0.59,1,no,9f5c1539-5a4d-55fc-f294-d74e83f1fa76
KXBTCD-25NOV0911-T103249.99,2025-11-09T15:13:46.409876Z,0.58,40,yes,00210e1d-9cc7-5f6d-0ed9-2a632343eef6
KXBTCD-25NOV0911-T103249.99,2025-11-09T15:13:43.782114Z,0.57,19,no,f85a6200-f740-7501-b5f9-2bb3b8837b43
KXBTCD-25NOV0911-T103249.99,2025-11-09T15:13:39.731258Z,0.59,1,no,4824782e-ce39-789a-a6f3-3231152cfa41
KXBTCD-25NOV0911-T103249.99,2025-11-09T15:13:31.723969Z,0.61,1,yes,b5ccdeb0-a1a5-48fa-4651-946956c51e3f
KXBTCD-25NOV0911-T103249.99,2025-11-09T15:13:31.244548Z,0.6,1,no,2fb5ea3b-44ba-7490-05b1-c75405d592c4
KXBTCD-25NOV0911-T103249.99,2025-11-09T15:13:30.225052Z,0.61,1,no,98904231-87cc-763e-8aff-a57c029d36ca
KXBTCD-25NOV0911-T103249.99,2025-11-09T15:13:29.134066Z,0.62,1,no,64b1e771-ff91-675c-c6c1-1f3bbb5e1865
KXBTCD-25NOV0911-T103249.99,2025-11-09T15:13:28.119804Z,0.63,1,no,647a2f11-bf26-47ef-3151-b2449457a74e
KXBTCD-25NOV0911-T103249.99,2025-11-09T15:13:21.07267Z,0.63,1,no,c19a7702-cf83-4bcd-56ec-7cf539f5ea6c
KXBTCD-25NOV0911-T103249.99,2025-11-09T15:13:21.07267Z,0.63,1,no,0d053c3b-1d03-4e83-6338-d450ee460407
KXBTCD-25NOV0911-T103249.99,2025-11-09T15:13:15.639241Z,0.62,1,no,7e64db65-420b-72cb-07e9-9bcc4162e3d9
KXBTCD-25NOV0911-T103249.99,2025-11-09T15:13:14.640804Z,0.62,1,no,4e6ba213-1faf-7b27-ea2f-b81da06d1eda
KXBTCD-25NOV0911-T103249.99,2025-11-09T15:13:13.286857Z,0.62,1,no,c20e591e-6e44-6594-862e-3780f5748888
KXBTCD-25NOV0911-T103249.99,2025-11-09T15:13:11.281598Z,0.62,1,no,cbaba150-f3bb-4e69-7594-2b1a38e86dcf
KXBTCD-25NOV0911-T103249.99,2025-11-09T15:13:10.433361Z,0.6,1,no,cfb9e2d1-d345-6a7e-da26-ddadba23515f
KXBTCD-25NOV0911-T103249.99,2025-11-09T15:13:08.906472Z,0.62,1,no,411847af-143d-44dd-59fd-2716f6437698
KXBTCD-25NOV0911-T103249.99,2025-11-09T15:13:07.838368Z,0.62,1,no,e7fd29dd-a34d-4584-a3f4-2773e6f0d98e
KXBTCD-25NOV0911-T103249.99,2025-11-09T15:13:06.75019Z,0.62,1,no,90989e2d-79ea-4959-277a-39afc2d79e19
KXBTCD-25NOV0911-T103249.99,2025-11-09T15:13:04.764889Z,0.62,1,no,bedd00a6-d7b3-4724-df00-a77d65f599e7
KXBTCD-25NOV0911-T103249.99,2025-11-09T15:13:03.977791Z,0.64,1,no,d3c01033-9e44-66b9-e5e4-7000f30d7334
KXBTCD-25NOV0911-T103249.99,2025-11-09T15:13:03.977791Z,0.64,1,no,9290f488-2dcc-6ec6-f3d3-65fd7561e405
KXBTCD-25NOV0911-T103249.99,2025-11-09T15:13:00.795181Z,0.65,1,no,a547c585-b66b-4c1c-4b41-3f71f480beff
KXBTCD-25NOV0911-T103249.99,2025-11-09T15:13:00.795181Z,0.65,1,no,78839bc7-d0a6-4c99-673e-43a6a03128d5
KXBTCD-25NOV0911-T103249.99,2025-11-09T15:12:57.574825Z,0.65,1,no,24e16615-3403-7d45-2788-58a232474f9e
KXBTCD-25NOV0911-T103249.99,2025-11-09T15:12:56.370008Z,0.65,1,no,fa61cf29-d867-7edc-cd48-d1b8aecb2241
KXBTCD-25NOV0911-T103249.99,2025-11-09T15:12:56.370008Z,0.65,1,no,847092f9-2f2f-7d05-dd0b-178d71a057c1
KXBTCD-25NOV0911-T103249.99,2025-11-09T15:12:47.61489Z,0.65,1,no,76886fd7-f57c-6b68-78e9-89a2edb825ae
KXBTCD-25NOV0911-T103249.99,2025-11-09T15:12:47.61489Z,0.65,1,no,55ab1fc1-13c8-68c0-5bdc-bbf0c3e1a007
KXBTCD-25NOV0911-T103249.99,2025-11-09T15:12:47.61489Z,0.65,1,no,5094a34c-02cd-6e89-5922-df56ad50b269
KXBTCD-25NOV0911-T103249.99,2025-11-09T15:12:38.512309Z,0.65,15,yes,0de6c319-e658-7140-1601-5ee7bb91aac3
KXBTCD-25NOV0911-T103249.99,2025-11-09T15:12:28.851699Z,0.65,1,no,376b5d99-1fba-78ab-93a5-e85ef6816a90
KXBTCD-25NOV0911-T103249.99,2025-11-09T15:11:49.36788Z,0.64,7,yes,5cd5fd34-5920-6979-c217-336bc2784085
KXBTCD-25NOV0911-T103249.99,2025-11-09T15:11:48.371601Z,0.66,1,no,d8cb3479-93cb-4f56-3efc-0fe0c065a250
KXBTCD-25NOV0911-T103249.99,2025-11-09T15:11:48.371601Z,0.66,1,no,2c2f8548-65e6-49fe-158d-2ed367416de1
KXBTCD-25NOV0911-T103249.99,2025-11-09T15:11:46.667583Z,0.67,1,no,62f42c18-de54-615f-31a4-1737a5cdec64
KXBTCD-25NOV0911-T103249.99,2025-11-09T15:11:46.667583Z,0.67,1,no,07939b46-597f-6192-3c27-034da1c5ba6d
KXBTCD-25NOV0911-T103249.99,2025-11-09T15:11:35.626096Z,0.67,1,no,ad319e4e-8db1-5c1c-8e84-b09dba8639e7
KXBTCD-25NOV0911-T103249.99,2025-11-09T15:11:32.619058Z,0.63,1,no,3e9d6604-c24f-74f3-a14d-e94a9199af7f
KXBTCD-25NOV0911-T103249.99,2025-11-09T15:11:31.722824Z,0.61,40,no,77409743-94f7-4c9c-f451-489e5c055c2e
KXBTCD-25NOV0911-T103249.99,2025-11-09T15:11:31.722824Z,0.63,1,no,4d4feadb-23e3-4051-e48e-dcc9ed5a0a3a
KXBTCD-25NOV0911-T103249.99,2025-11-09T15:11:31.722824Z,0.6,101,no,407d3aa7-5eec-4dad-e80a-853fb9fce828
KXBTCD-25NOV0911-T103249.99,2025-11-09T15:11:31.722824Z,0.63,1,no,3d646e9a-07cc-4ea5-d25d-0b2e6ffdc304
KXBTCD-25NOV0911-T103249.99,2025-11-09T15:11:31.722824Z,0.61,51,no,179f1f39-0100-4829-c657-96a6ab57e982
KXBTCD-25NOV0911-T103249.99,2025-11-09T15:11:24.132707Z,0.65,1,no,74a6d150-b64e-6868-6220-d85e402b9557
KXBTCD-25NOV0911-T103249.99,2025-11-09T15:10:54.976601Z,0.63,1,no,68ed3bc5-7457-7395-5ec5-f06cf417f853
KXBTCD-25NOV0911-T103249.99,2025-11-09T15:10:54.232653Z,0.63,1,no,42610385-04f9-6665-8f82-703934a42767
KXBTCD-25NOV0911-T103249.99,2025-11-09T15:10:54.232653Z,0.63,1,no,092c0e12-c63e-6661-9ed9-681fedb6766f
KXBTCD-25NOV0911-T103249.99,2025-11-09T15:10:49.075668Z,0.63,1,no,48dacb11-5290-562f-1ad3-61975050bf0e
KXBTCD-25NOV0911-T103249.99,2025-11-09T15:10:31.211415Z,0.63,50,yes,551317cf-08f6-7833-e77d-bc3144979581
KXBTCD-25NOV0911-T103249.99,2025-11-09T15:10:20.430845Z,0.62,1,no,bb68e82d-572c-4c0f-1f9e-57e73e096b38
KXBTCD-25NOV0911-T103249.99,2025-11-09T15:10:20.430845Z,0.62,1,no,44b4a6cc-1dab-4314-3494-3feee602e4b8
KXBTCD-25NOV0911-T103249.99,2025-11-09T15:09:33.038506Z,0.57,1,no,ee18f734-8605-58ac-b6fc-52df71e96589
KXBTCD-25NOV0911-T103249.99,2025-11-09T15:09:33.038506Z,0.57,1,no,299e2269-974f-5eb1-9957-167651dd8332
KXBTCD-25NOV0911-T103249.99,2025-11-09T15:09:26.626712Z,0.59,18,yes,36c81148-1098-6df0-0a2d-7967ba0347bb
KXBTCD-25NOV0911-T103249.99,2025-11-09T15:09:15.797823Z,0.61,1,no,b70db1fa-8877-413e-8de4-9ca481c31e94
KXBTCD-25NOV0911-T103249.99,2025-11-09T15:09:15.797823Z,0.61,1,no,4d0ec940-298e-438f-9e2d-d6f288d74153
KXBTCD-25NOV0911-T103249.99,2025-11-09T15:09:00.051845Z,0.6,24,yes,3ca2a484-fb82-7890-2e64-d0334853c7e2
KXBTCD-25NOV0911-T103249.99,2025-11-09T15:08:47.761321Z,0.59,254,yes,114315c7-2997-4104-c8b9-be27491dc3f6
KXBTCD-25NOV0911-T103249.99,2025-11-09T15:08:47.761321Z,0.59,200,yes,0f2e12c2-61fb-432b-fc10-6becdfed3dae
KXBTCD-25NOV0911-T103249.99,2025-11-09T15:08:47.761321Z,0.58,40,yes,00caf7fd-f0e9-4b43-ca81-189d32b05b3b
KXBTCD-25NOV0911-T103249.99,2025-11-09T15:08:31.409796Z,0.56,200,yes,e1c1bedc-50d2-4ba3-cefd-621184ebbfe6
KXBTCD-25NOV0911-T103249.99,2025-11-09T15:08:31.409796Z,0.58,94,yes,82d638e1-7bc3-4528-cdc1-d7674dd310f5
KXBTCD-25NOV0911-T103249.99,2025-11-09T15:08:31.409796Z,0.55,50,yes,381535e5-1325-44ec-e33e-3a66f5384a3c
KXBTCD-25NOV0911-T103249.99,2025-11-09T15:08:22.160309Z,0.52,8,no,a7a7936c-aee1-6084-6f9a-d7751f31094c
KXBTCD-25NOV0911-T103249.99,2025-11-09T15:07:27.966658Z,0.51,1,yes,d44e55ac-ad28-5133-dc9f-9538e1a48035
KXBTCD-25NOV0911-T103249.99,2025-11-09T15:06:16.47293Z,0.52,9,yes,a32cb64f-2fb8-7810-2590-ebd342f53e9e
KXBTCD-25NOV0911-T103249.99,2025-11-09T15:05:32.326833Z,0.48,8,no,1975db79-0e5c-7d60-7c05-172f9f09cbc1
KXBTCD-25NOV0911-T103249.99,2025-11-09T15:05:12.356271Z,0.43,10,no,a82f94cf-2f4a-5ac5-7d84-83e44abba830
KXBTCD-25NOV0911-T103249.99,2025-11-09T15:04:42.562819Z,0.52,15,yes,67bbdc1f-484e-7518-485f-805f33e9e4db
KXBTCD-25NOV0911-T103249.99,2025-11-09T15:04:25.680653Z,0.48,10,yes,fafa333d-5cef-523c-0ebd-69d5f8c17ee5
KXBTCD-25NOV0911-T103249.99,2025-11-09T15:04:09.795758Z,0.51,18,yes,d141ab81-7698-7ad2-d5f4-968a098fdca2
KXBTCD-25NOV0911-T103249.99,2025-11-09T15:04:02.450238Z,0.47,20,yes,9f47fd19-8a0e-7d59-e6f5-2b7ce31adcfa
KXBTCD-25NOV0911-T103249.99,2025-11-09T15:03:56.884843Z,0.44,8,yes,e9c4333b-cb9c-63ff-9e52-36881d80c423
KXBTCD-25NOV0911-T103249.99,2025-11-09T15:02:52.46851Z,0.34,289,yes,a83d4181-7bc5-74c1-ed66-5bd8ed0cff19
KXBTCD-25NOV0911-T103249.99,2025-11-09T15:02:19.847816Z,0.35,1,no,9b42b6ed-ce66-4e2f-4ff1-bf8ca49998c5
