ticker,created_time,price,count,taker_side,trade_id
KXBTC-25NOV0823-B101625,2025-11-09T03:59:04.816852Z,0.99,1,yes,52915fae-39ec-78b5-bc52-a62e41ad1141
KXBTC-25NOV0823-B101625,2025-11-09T03:59:04.816852Z,0.99,1,yes,502eaf17-b813-7dab-a99a-ab59e4c5cd9b
KXBTC-25NOV0823-B101625,2025-11-09T03:59:04.816852Z,0.99,3,yes,4e75a3eb-5082-7c8e-ba03-5fd3a3c85d00
KXBTC-25NOV0823-B101625,2025-11-09T03:58:14.549592Z,0.96,12,yes,26f9f27a-3180-7b07-e416-ac23df667226
KXBTC-25NOV0823-B101625,2025-11-09T03:57:49.977879Z,0.92,11,yes,d0c3a4e2-389c-73bf-64f0-b4686d0ee5f5
KXBTC-25NOV0823-B101625,2025-11-09T03:57:41.861237Z,0.86,13,no,8bb16e4b-9bd1-6101-fe69-491fcd90d493
KXBTC-25NOV0823-B101625,2025-11-09T03:56:41.290797Z,0.92,32,yes,470a934e-7e61-7652-2da0-9db82b8605e2
KXBTC-25NOV0823-B101625,2025-11-09T03:56:26.834612Z,0.92,214,yes,58f0d9a0-6b9e-5b6f-73c3-aef9d7fc9ece
KXBTC-25NOV0823-B101625,2025-11-09T03:56:25.95971Z,0.92,74,yes,c37412a4-4130-71d8-e851-e60372e21aea
KXBTC-25NOV0823-B101625,2025-11-09T03:55:17.079711Z,0.94,264,yes,ccd58ade-f48d-449f-8b07-35e7a05dd828
KXBTC-25NOV0823-B101625,2025-11-09T03:55:16.135989Z,0.94,2,yes,2f2712d4-a43d-5133-f02c-f8714fb6332c
KXBTC-25NOV0823-B101625,2025-11-09T03:54:47.263275Z,0.51,41,no,bc229490-2ef0-62f1-b2c5-44eec5132e2d
KXBTC-25NOV0823-B101625,2025-11-09T03:54:27.397397Z,0.79,60,yes,ba4455bf-aaf3-5216-e57f-cdc5f92a4310
KXBTC-25NOV0823-B101625,2025-11-09T03:54:22.249919Z,0.77,114,no,9fb0cf36-fd6a-6411-3f96-dc17f9eb4f95
KXBTC-25NOV0823-B101625,2025-11-09T03:54:12.391625Z,0.85,7,yes,39724a10-cd28-78f0-fe25-f2e642b95d44
KXBTC-25NOV0823-B101625,2025-11-09T03:53:16.153313Z,0.73,34,no,61458273-2d7a-500d-0481-4e097ee9fa85
KXBTC-25NOV0823-B101625,2025-11-09T03:52:55.478717Z,0.81,3,yes,6115a1b8-72ec-47e2-ed1d-3edad43ac2a5
KXBTC-25NOV0823-B101625,2025-11-09T03:52:32.655362Z,0.8,12,yes,efea0f31-5510-4d13-5e15-e418ff0893de
KXBTC-25NOV0823-B101625,2025-11-09T03:51:51.838888Z,0.8,1,yes,e7e22d0b-a6bd-44d7-fa45-3105dd52c170
KXBTC-25NOV0823-B101625,2025-11-09T03:51:33.229511Z,0.78,46,yes,17daf0ac-2172-4331-6e35-6a75cc36af86
KXBTC-25NOV0823-B101625,2025-11-09T03:51:06.940593Z,0.76,129,yes,989ef379-d2aa-429e-2892-1a0688c751df
KXBTC-25NOV0823-B101625,2025-11-09T03:50:55.286096Z,0.73,1,yes,7fc181fb-01a9-74b0-48c9-bb21de12ecca
KXBTC-25NOV0823-B101625,2025-11-09T03:50:18.419862Z,0.65,18,no,3f1ac3e8-860b-4c63-224c-b19244204bbe
KXBTC-25NOV0823-B101625,2025-11-09T03:49:55.966237Z,0.7,136,yes,5caeeba3-9d0c-46a8-8a02-c4c44b1ffe2a
KXBTC-25NOV0823-B101625,2025-11-09T03:49:50.486176Z,0.69,34,yes,d859d243-9469-4281-e1f2-35a310c968c8
KXBTC-25NOV0823-B101625,2025-11-09T03:48:54.097919Z,0.65,19,no,e2c3b989-1d16-488b-fdeb-e9a75a4bcaf9
KXBTC-25NOV0823-B101625,2025-11-09T03:48:54.097919Z,0.66,21,no,1d6ed446-3dcf-4265-e9b3-60c4d9515e1b
KXBTC-25NOV0823-B101625,2025-11-09T03:48:41.321103Z,0.68,25,yes,c58a8d4a-f375-5995-88c2-88213095479e
KXBTC-25NOV0823-B101625,2025-11-09T03:48:15.861938Z,0.65,6,yes,f53b4fcd-65ef-4dab-0343-7b7f845689e7
KXBTC-25NOV0823-B101625,2025-11-09T03:48:15.725902Z,0.65,100,yes,f99c7a50-5773-73e7-9ec1-11d849b9a49b
KXBTC-25NOV0823-B101625,2025-11-09T03:47:50.983891Z,0.61,31,yes,50a07c9e-1e7a-6164-0d09-0e46a9ee6c70
KXBTC-25NOV0823-B101625,2025-11-09T03:46:02.41164Z,0.61,200,no,c80fa0a1-5d46-558d-ed44-633014a455d7
KXBTC-25NOV0823-B101625,2025-11-09T03:45:22.934909Z,0.61,44,no,b1f5a8f6-46e4-55af-ed56-adb3d93dce84
KXBTC-25NOV0823-B101625,2025-11-09T03:45:12.797401Z,0.61,200,yes,a3429f80-9594-4fce-c322-f72e21a3e667
KXBTC-25NOV0823-B101625,2025-11-09T03:45:12.772421Z,0.61,300,yes,b583fd2f-0ee0-79f6-a6db-098dab5ad6ab
KXBTC-25NOV0823-B101625,2025-11-09T03:45:03.974311Z,0.61,15,yes,cc9c36a0-3561-666f-5825-1033d33a7cc7
KXBTC-25NOV0823-B101625,2025-11-09T03:44:49.430188Z,0.66,4,yes,a2cb4186-4a93-7649-4c21-e0bf18feb8a3
KXBTC-25NOV0823-B101625,2025-11-09T03:44:44.621114Z,0.66,145,yes,7f75c178-9834-527f-8578-38d5942ef7e6
KXBTC-25NOV0823-B101625,2025-11-09T03:44:29.84193Z,0.64,60,yes,762ab4b0-8628-5284-fb95-a22bc2622f73
KXBTC-25NOV0823-B101625,2025-11-09T03:43:41.884997Z,0.53,18,yes,71e89bf4-ebc5-402d-c996-4c18f5a987cb
KXBTC-25NOV0823-B101625,2025-11-09T03:43:00.123447Z,0.65,15,no,a1b8c87a-b7e0-4b59-8dda-d30191c37ab3
KXBTC-25NOV0823-B101625,2025-11-09T03:42:09.379716Z,0.6,9,yes,afd241bd-a51c-7a87-6db3-4024d73d4612
KXBTC-25NOV0823-B101625,2025-11-09T03:41:43.398226Z,0.61,79,yes,5723c389-a91e-590e-8810-137d35c89093
KXBTC-25NOV0823-B101625,2025-11-09T03:41:39.560041Z,0.6,40,yes,78dba5e6-574d-469e-03e5-240153287574
KXBTC-25NOV0823-B101625,2025-11-09T03:40:59.608941Z,0.57,20,no,472a9dae-384f-66fe-9bde-e2176855c9cc
KXBTC-25NOV0823-B101625,2025-11-09T03:40:43.757452Z,0.59,41,yes,4022e095-b09b-6966-776b-f4151a08b548
KXBTC-25NOV0823-B101625,2025-11-09T03:38:38.489644Z,0.57,18,yes,add198a2-e9da-4eb5-4ac2-be408c7c2e73
KXBTC-25NOV0823-B101625,2025-11-09T03:37:36.373315Z,0.52,37,yes,da0af33e-6af7-7180-e055-a7b344f006cd
KXBTC-25NOV0823-B101625,2025-11-09T03:36:31.885173Z,0.37,12,no,b9f873fe-5a56-624b-697d-03805285df3e
KXBTC-25NOV0823-B101625,2025-11-09T03:35:33.32495Z,0.41,23,yes,516781fb-e85b-58f5-abaa-d9ca5c0e7170
KXBTC-25NOV0823-B101625,2025-11-09T03:30:41.527793Z,0.46,52,yes,e64cdd4c-c58e-67ec-d32d-e727decff8f4
KXBTC-25NOV0823-B101625,2025-11-09T03:30:29.240352Z,0.45,21,yes,b54ca6a9-cf36-72a7-1203-1be4da8358dd
KXBTC-25NOV0823-B101625,2025-11-09T03:30:10.196199Z,0.32,3,no,0d0b9305-eed8-704f-a658-2a84f782b1f9
KXBTC-25NOV0823-B101625,2025-11-09T03:29:53.689278Z,0.35,27,yes,92eb1939-05f8-6adc-0ed3-89702bca9a49
KXBTC-25NOV0823-B101625,2025-11-09T03:29:08.695678Z,0.33,200,no,b144fb12-0089-593c-b4ac-315dce5690e8
KXBTC-25NOV0823-B101625,2025-11-09T03:29:08.655795Z,0.33,300,no,d0aae39f-b29d-6654-ffe8-4a4dda217c44
KXBTC-25NOV0823-B101625,2025-11-09T03:29:08.535661Z,0.34,200,no,3f2977c1-a013-5e78-101d-20b1a77f6664
KXBTC-25NOV0823-B101625,2025-11-09T03:27:39.074385Z,0.38,63,yes,1fe29a36-c863-533c-ca70-8a166e40a515
KXBTC-25NOV0823-B101625,2025-11-09T03:25:15.525649Z,0.42,200,no,695142c8-c356-65cc-76db-b36b7f228954
KXBTC-25NOV0823-B101625,2025-11-09T03:25:13.918873Z,0.46,10,yes,c2a4e84e-7d9d-5478-6958-d6d81a2bbca9
KXBTC-25NOV0823-B101625,2025-11-09T03:24:43.512634Z,0.48,40,yes,f6fc0190-620a-79d6-740e-d44242117946
KXBTC-25NOV0823-B101625,2025-11-09T03:23:55.580954Z,0.49,200,yes,f0a9fd9a-b98b-41b9-9d37-c57cc907fe02
KXBTC-25NOV0823-B101625,2025-11-09T03:18:57.42291Z,0.44,3,yes,b32a7553-fda1-77be-906a-d10a2a59194e
KXBTC-25NOV0823-B101625,2025-11-09T03:16:05.577758Z,0.46,20,yes,159e8331-dfe8-59f1-a37b-257cebd814c4
KXBTC-25NOV0823-B101625,2025-11-09T03:12:24.846252Z,0.36,7,no,860a3879-42b5-49fc-5c9a-b7a1ebb2ac67
KXBTC-25NOV0823-B101625,2025-11-09T03:11:29.700348Z,0.39,15,no,3465fc69-da04-4669-b0f9-f44587acd8b3
KXBTC-25NOV0823-B101625,2025-11-09T03:10:04.8335Z,0.4,26,yes,9d9d1365-ea21-617a-53c0-a49aeaa85c9f
KXBTC-25NOV0823-B101625,2025-11-09T03:06:59.8428Z,0.39,20,yes,8c31fb33-d47d-7033-d427-df28ac13e850
KXBTC-25NOV0823-B101625,2025-11-09T03:06:41.803209Z,0.39,12,yes,9473eba1-6ffd-6c93-d0ae-9ddc9bcd996c
KXBTC-25NOV0823-B101625,2025-11-09T03:06:40.722212Z,0.4,11,yes,d356abaf-dfc2-5504-9de1-1d079971b0c8
KXBTC-25NOV0823-B101625,2025-11-09T03:03:11.677927Z,0.38,11,no,f4033cc3-0921-6946-e940-dc4420e8094f
KXBTC-25NOV0823-B101625,2025-11-09T03:02:35.623161Z,0.42,11,yes,23ae24fb-4cc7-72bd-3fe8-411e6f276a6b
KXBTC-25NOV0823-B101625,2025-11-09T03:01:39.63698Z,0.38,7,yes,54f1c082-dcab-7b77-94ce-b672b1a61cc2
