ticker,created_time,price,count,taker_side,trade_id
KXBTCD-25NOV0909-T102499.99,2025-11-09T13:56:19.363672Z,0.97,62,no,6e070423-fb0a-6412-df1e-cc8f59ef218f
KXBTCD-25NOV0909-T102499.99,2025-11-09T13:55:02.573683Z,0.97,49,no,fb752904-ca47-556c-f213-96bfb6230552
KXBTCD-25NOV0909-T102499.99,2025-11-09T13:50:15.618156Z,0.96,39,no,598beb40-f1b8-665b-3eed-5107a0c559e6
KXBTCD-25NOV0909-T102499.99,2025-11-09T13:49:59.382994Z,0.99,1,yes,e02452f6-3670-40be-0993-62a7594fd60f
KXBTCD-25NOV0909-T102499.99,2025-11-09T13:49:57.835042Z,0.99,1,yes,6887fa61-d232-472e-d21c-8ecca907d547
KXBTCD-25NOV0909-T102499.99,2025-11-09T13:49:57.835042Z,0.99,11,yes,19588a99-84a4-4f0b-f45d-41bdd97d7aee
KXBTCD-25NOV0909-T102499.99,2025-11-09T13:49:57.835042Z,0.99,1,yes,0764c7d8-660f-4dc6-ee3b-49a18a838193
KXBTCD-25NOV0909-T102499.99,2025-11-09T13:49:36.203621Z,0.97,82,yes,b32105e9-1689-5b43-7a7b-c1929e0ea05e
KXBTCD-25NOV0909-T102499.99,2025-11-09T13:49:36.203621Z,0.98,9,yes,2e8429d5-2fde-5e10-7d19-dc76c24ada00
KXBTCD-25NOV0909-T102499.99,2025-11-09T13:49:36.203621Z,0.99,11,yes,26b26acc-18d4-5e6f-433a-5afd1c66b8ea
KXBTCD-25NOV0909-T102499.99,2025-11-09T13:49:13.797614Z,0.9,9,no,3806bd86-32a9-6219-1f0b-3ef8e8b6dabc
KXBTCD-25NOV0909-T102499.99,2025-11-09T13:47:53.629558Z,0.95,1,yes,ce3c62de-910d-798f-c692-ecd2d848fdc0
KXBTCD-25NOV0909-T102499.99,2025-11-09T13:47:53.629558Z,0.96,1,yes,c4c7d541-0c26-7b46-e246-a38d61c5c9ef
KXBTCD-25NOV0909-T102499.99,2025-11-09T13:47:53.629558Z,0.97,28,yes,234c61d7-7f55-7c6b-f22f-f3c0a87ad37e
KXBTCD-25NOV0909-T102499.99,2025-11-09T13:47:52.300709Z,0.95,46,no,e1ca9337-4816-663c-66e7-857b925a8ee7
KXBTCD-25NOV0909-T102499.99,2025-11-09T13:47:51.369471Z,0.95,3,no,b75bfab7-3e2a-4cf6-4d70-dba968ea1a87
KXBTCD-25NOV0909-T102499.99,2025-11-09T13:47:51.071519Z,0.95,200,no,a787eeec-19a3-53b1-81c8-77a495e686e4
KXBTCD-25NOV0909-T102499.99,2025-11-09T13:47:48.553427Z,0.95,33,no,3cfa58e4-c17e-7ceb-5347-4e0cc0d4cc31
KXBTCD-25NOV0909-T102499.99,2025-11-09T13:47:19.982065Z,0.94,1,yes,e3e219de-4984-4c08-cb23-3a41fe162571
KXBTCD-25NOV0909-T102499.99,2025-11-09T13:47:19.982065Z,0.94,1,yes,be46ef65-b730-4250-c35b-fa80f64ff585
KXBTCD-25NOV0909-T102499.99,2025-11-09T13:47:18.132946Z,0.93,1,yes,4cc9ccf1-26d6-411c-5a80-53d3acd1399d
KXBTCD-25NOV0909-T102499.99,2025-11-09T13:47:03.216641Z,0.94,1,yes,c1058bbd-6380-5cad-2fad-7ba30cbd32f7
KXBTCD-25NOV0909-T102499.99,2025-11-09T13:47:02.130864Z,0.94,1,yes,a20f14d3-a317-5a94-2786-b2b0e936af0f
KXBTCD-25NOV0909-T102499.99,2025-11-09T13:47:02.048548Z,0.93,1,yes,0a7f0f54-951b-45ed-dd18-acf4540f51e9
KXBTCD-25NOV0909-T102499.99,2025-11-09T13:46:40.268754Z,0.87,31,no,986ad5be-cd85-4d59-a7e8-2d4a96d2f58f
KXBTCD-25NOV0909-T102499.99,2025-11-09T13:46:40.268754Z,0.88,1,no,6d3559d3-bb6f-48dd-a73e-6d0355f3731c
KXBTCD-25NOV0909-T102499.99,2025-11-09T13:45:51.866491Z,0.9,11,no,93c1ab6c-f3ba-73a5-9280-f8324ea34fe7
KXBTCD-25NOV0909-T102499.99,2025-11-09T13:44:58.302864Z,0.93,500,yes,af0f916d-2a76-55ce-516f-b9a2d42420a0
KXBTCD-25NOV0909-T102499.99,2025-11-09T13:44:58.302864Z,0.95,34,yes,8999dc73-95f1-5efd-4d6b-2555a63e5892
KXBTCD-25NOV0909-T102499.99,2025-11-09T13:44:36.026174Z,0.89,27,yes,01c219a8-e4e2-57ca-7601-ee458ed21b19
KXBTCD-25NOV0909-T102499.99,2025-11-09T13:44:30.484404Z,0.89,1,no,d4ec0c7c-de8b-4b0b-f55b-1256ae71659e
KXBTCD-25NOV0909-T102499.99,2025-11-09T13:44:30.484404Z,0.89,1,no,d382d96a-713f-44d1-daf2-1e0b1dc65a14
KXBTCD-25NOV0909-T102499.99,2025-11-09T13:43:58.90431Z,0.86,15,yes,1fb3439a-2155-4226-0af9-92ba7ab2aa3f
KXBTCD-25NOV0909-T102499.99,2025-11-09T13:43:58.90431Z,0.89,47,yes,05de48b0-3e62-46ab-37c4-f3900f233119
KXBTCD-25NOV0909-T102499.99,2025-11-09T13:43:02.729777Z,0.82,3,yes,f3596f38-db94-46d7-2f42-5431c5b323dc
KXBTCD-25NOV0909-T102499.99,2025-11-09T13:41:50.243335Z,0.78,1,no,cf368303-38e9-5ca3-5f05-d9555b8ff743
KXBTCD-25NOV0909-T102499.99,2025-11-09T13:41:47.343503Z,0.82,12,yes,5b7d121d-ba30-4310-4d71-3f661a49e7f1
KXBTCD-25NOV0909-T102499.99,2025-11-09T13:41:00.576459Z,0.76,93,no,73dd6415-4e5f-54b4-f15e-a61f52ead4ce
KXBTCD-25NOV0909-T102499.99,2025-11-09T13:41:00.489732Z,0.76,207,no,b2deedf2-aa2f-7710-54e1-b2f5d001663e
KXBTCD-25NOV0909-T102499.99,2025-11-09T13:41:00.489732Z,0.76,1,no,0c99436a-93fd-77cb-7f7b-b8c751f7da45
KXBTCD-25NOV0909-T102499.99,2025-11-09T13:40:29.517773Z,0.77,62,yes,44d7ad74-2fee-6691-dd6d-a95656da117b
KXBTCD-25NOV0909-T102499.99,2025-11-09T13:40:28.113304Z,0.77,15,yes,0d389fc9-01ba-7331-576b-2e3d4e5fe6f7
KXBTCD-25NOV0909-T102499.99,2025-11-09T13:40:13.518156Z,0.78,1,no,d8b58eb4-894f-5451-12a4-7f7fb0144909
KXBTCD-25NOV0909-T102499.99,2025-11-09T13:40:13.518156Z,0.78,1,no,364b0499-d1be-543b-062d-b0afe26ddb63
KXBTCD-25NOV0909-T102499.99,2025-11-09T13:40:06.973002Z,0.79,1,no,517f7882-f2c3-6e31-feb9-989ee90c0c3f
KXBTCD-25NOV0909-T102499.99,2025-11-09T13:40:06.973002Z,0.79,1,no,33f61140-542b-6f1c-c99f-f4b3c0653a68
KXBTCD-25NOV0909-T102499.99,2025-11-09T13:40:01.229626Z,0.8,1,no,0a3dd41d-08b5-47ae-c5b1-1afc98a67b05
KXBTCD-25NOV0909-T102499.99,2025-11-09T13:39:59.419644Z,0.81,60,yes,e9cdbf79-cf9b-411c-ba8a-f12578019b62
KXBTCD-25NOV0909-T102499.99,2025-11-09T13:39:51.317212Z,0.82,1,no,26951889-7b7b-511b-f9f3-9e407246b2c3
KXBTCD-25NOV0909-T102499.99,2025-11-09T13:39:51.317212Z,0.82,1,no,179bdb33-7133-5aef-c46d-2780e2b0edde
KXBTCD-25NOV0909-T102499.99,2025-11-09T13:39:51.317212Z,0.82,1,no,026fd97f-7e10-5078-e88a-23ecb807d5cb
KXBTCD-25NOV0909-T102499.99,2025-11-09T13:39:47.15969Z,0.83,1,no,382100c7-179a-4290-24c3-929d8c3ea85c
KXBTCD-25NOV0909-T102499.99,2025-11-09T13:39:47.15969Z,0.83,1,no,31c7dc1a-557e-47af-20e0-2303d2ae80f0
KXBTCD-25NOV0909-T102499.99,2025-11-09T13:39:39.144711Z,0.81,1,no,7c476621-7d57-5da0-2fdc-80682ee7a3bc
KXBTCD-25NOV0909-T102499.99,2025-11-09T13:39:25.152594Z,0.8,1,no,a9648133-bb40-7d2c-d649-0ce469a84220
KXBTCD-25NOV0909-T102499.99,2025-11-09T13:39:25.152594Z,0.8,1,no,98efc964-01cd-7704-c544-b9cc70843343
KXBTCD-25NOV0909-T102499.99,2025-11-09T13:39:09.519374Z,0.76,22,yes,8bd97fbc-d00b-507c-fbc1-c29eb24ba9c6
KXBTCD-25NOV0909-T102499.99,2025-11-09T13:38:23.178835Z,0.69,1,no,f47b8a67-fdd8-5452-39bc-05abe54cc7ca
KXBTCD-25NOV0909-T102499.99,2025-11-09T13:38:23.178835Z,0.69,1,no,87533ed2-e2ba-5523-1530-d8430f53d4c7
KXBTCD-25NOV0909-T102499.99,2025-11-09T13:38:06.69801Z,0.69,5,yes,8c44c1ba-3485-7720-efdd-abf8729e5468
KXBTCD-25NOV0909-T102499.99,2025-11-09T13:36:32.445758Z,0.65,200,no,1b544941-6449-7b7a-8fd8-c54a4ea68c92
KXBTCD-25NOV0909-T102499.99,2025-11-09T13:36:28.203315Z,0.67,1,no,399839fb-90ab-4671-79de-55f9a49d2fb8
KXBTCD-25NOV0909-T102499.99,2025-11-09T13:36:27.917613Z,0.68,1,no,de6867d6-2d43-5e85-6f7b-d5c4d1657b57
KXBTCD-25NOV0909-T102499.99,2025-11-09T13:35:58.862907Z,0.72,1,no,6d688eb4-d11b-62cb-39a1-17f7bac9821c
KXBTCD-25NOV0909-T102499.99,2025-11-09T13:35:58.131445Z,0.72,1,no,941ccbff-2ec3-4cea-21ff-61698eced3af
KXBTCD-25NOV0909-T102499.99,2025-11-09T13:35:58.131445Z,0.72,1,no,78e61562-d40c-41ed-3da6-6f6ff9c23671
KXBTCD-25NOV0909-T102499.99,2025-11-09T13:35:30.439166Z,0.62,25,no,4c7e8071-cfc6-7e8b-12cf-cd7445613fd0
KXBTCD-25NOV0909-T102499.99,2025-11-09T13:34:16.176733Z,0.82,200,yes,e51df13b-da2e-5c49-c9e8-7ac6abbf0111
KXBTCD-25NOV0909-T102499.99,2025-11-09T13:34:16.122699Z,0.82,27,yes,e0bd32a1-ab36-5b79-4efb-9eacbae789a5
KXBTCD-25NOV0909-T102499.99,2025-11-09T13:34:16.122699Z,0.78,1,yes,6ef04a32-c70e-57f4-4c9f-9201becc9a31
KXBTCD-25NOV0909-T102499.99,2025-11-09T13:34:16.122699Z,0.77,2,yes,00320d23-0bc7-5358-428b-24d92bc8d605
KXBTCD-25NOV0909-T102499.99,2025-11-09T13:34:12.834284Z,0.77,2,yes,e3fc103b-c1a9-58d7-d6af-43a3b5ce9fdc
KXBTCD-25NOV0909-T102499.99,2025-11-09T13:34:12.834284Z,0.78,1,yes,45586877-765d-51e2-f76d-19ee9f0fcc68
KXBTCD-25NOV0909-T102499.99,2025-11-09T13:34:12.834284Z,0.81,27,yes,409ab8eb-6d8c-5de1-cba3-37cd9dafeafa
KXBTCD-25NOV0909-T102499.99,2025-11-09T13:34:02.325126Z,0.76,2,yes,adfb2a0a-3ec9-6975-0671-059f60cc729f
KXBTCD-25NOV0909-T102499.99,2025-11-09T13:33:38.247734Z,0.62,28,no,c3e16dde-b5a7-428f-7714-ed3003478e7d
KXBTCD-25NOV0909-T102499.99,2025-11-09T13:33:38.247734Z,0.63,1,no,a9d2ba48-1012-4aa5-7d59-5c91252885c3
KXBTCD-25NOV0909-T102499.99,2025-11-09T13:32:50.954348Z,0.59,8,no,6d4c193b-e710-414f-40d1-2cdc0c4125e4
KXBTCD-25NOV0909-T102499.99,2025-11-09T13:32:33.199436Z,0.59,40,no,f9052350-fd56-52dd-dece-5ad7805e32fb
KXBTCD-25NOV0909-T102499.99,2025-11-09T13:32:32.96842Z,0.61,1,no,aa8d52f1-5fdb-47d1-e16d-68bbd2b5f6aa
KXBTCD-25NOV0909-T102499.99,2025-11-09T13:32:29.593258Z,0.6,84,yes,f840bf5e-08ff-5573-ce3b-24a6a90d6f78
KXBTCD-25NOV0909-T102499.99,2025-11-09T13:32:25.526353Z,0.6,16,yes,61ad2669-9017-7cb7-967a-7d2121584244
KXBTCD-25NOV0909-T102499.99,2025-11-09T13:32:22.24162Z,0.58,21,no,4fb95514-c057-78e0-78b4-b5b31301655c
KXBTCD-25NOV0909-T102499.99,2025-11-09T13:31:44.509149Z,0.58,33,yes,a80f41a8-acde-6ddf-22c3-f1a1683b0c50
KXBTCD-25NOV0909-T102499.99,2025-11-09T13:31:44.470214Z,0.58,1,no,247a0f57-1ebc-5738-1735-afb373997593
KXBTCD-25NOV0909-T102499.99,2025-11-09T13:31:40.8523Z,0.6,1,no,ff72a530-e78d-6911-487f-bdb827a1f52e
KXBTCD-25NOV0909-T102499.99,2025-11-09T13:31:40.8523Z,0.6,1,no,e2c86ab6-3b30-6b65-546e-42c18eac123a
KXBTCD-25NOV0909-T102499.99,2025-11-09T13:31:38.169729Z,0.64,200,yes,d641ee4d-07db-677b-34d2-c74500dfd3af
KXBTCD-25NOV0909-T102499.99,2025-11-09T13:31:37.207242Z,0.63,500,yes,3ce01d36-1c27-5b73-3b8c-6581b5ba5c0b
KXBTCD-25NOV0909-T102499.99,2025-11-09T13:31:36.608602Z,0.61,9,no,4c322fd6-7080-655d-59c9-c5a9eb0e4fb9
KXBTCD-25NOV0909-T102499.99,2025-11-09T13:31:36.589061Z,0.61,500,no,4f39e83c-f768-5635-df98-8d5599f4eb7d
KXBTCD-25NOV0909-T102499.99,2025-11-09T13:31:36.543537Z,0.62,65,no,df3ccc3c-f8b6-5f1b-cede-79a5f45ad6da
KXBTCD-25NOV0909-T102499.99,2025-11-09T13:31:36.543537Z,0.62,200,no,261a5a1e-07df-5f52-fa05-95117367df37
KXBTCD-25NOV0909-T102499.99,2025-11-09T13:31:31.841133Z,0.58,200,no,998832af-d896-652b-4162-0db413d4328e
KXBTCD-25NOV0909-T102499.99,2025-11-09T13:31:16.428572Z,0.62,3,yes,f16b9c0f-8b08-75bb-8fc5-f3514c88c9c2
KXBTCD-25NOV0909-T102499.99,2025-11-09T13:31:16.428572Z,0.63,3,yes,eae55e65-6224-76e2-94bb-20ae6ca5003e
KXBTCD-25NOV0909-T102499.99,2025-11-09T13:31:16.428572Z,0.64,71,yes,da272af3-e0e7-7c6f-8907-8679a950f4c0
KXBTCD-25NOV0909-T102499.99,2025-11-09T13:31:10.142712Z,0.59,50,yes,3a199e16-54c3-51a4-aef4-c4dc27e2891c
KXBTCD-25NOV0909-T102499.99,2025-11-09T13:31:06.185705Z,0.56,4,no,42fc32d5-9c5c-5d81-f8af-b1bf7b59e986
KXBTCD-25NOV0909-T102499.99,2025-11-09T13:31:06.157321Z,0.55,50,yes,004d1a90-0eda-68fc-41e9-3db4a81d8dd6
KXBTCD-25NOV0909-T102499.99,2025-11-09T13:31:01.919265Z,0.51,5,no,9e882afb-a97d-6714-8157-985c1ba5fc06
KXBTCD-25NOV0909-T102499.99,2025-11-09T13:30:18.061742Z,0.5,5,no,04f50206-675c-539a-2290-c53813087f8c
KXBTCD-25NOV0909-T102499.99,2025-11-09T13:30:16.841322Z,0.51,5,no,c360b088-8e16-578f-a9a7-ac912f936e41
KXBTCD-25NOV0909-T102499.99,2025-11-09T13:30:15.046932Z,0.51,5,no,6437177d-fef2-43d7-1dba-8aa8c4515109
KXBTCD-25NOV0909-T102499.99,2025-11-09T13:30:13.82608Z,0.52,4,no,e2842d6d-af60-51ed-d92b-0d4e05eb6c41
KXBTCD-25NOV0909-T102499.99,2025-11-09T13:30:12.571331Z,0.52,4,no,33c33d3b-43e0-6691-b5a1-b156de1c4d1d
KXBTCD-25NOV0909-T102499.99,2025-11-09T13:30:11.349963Z,0.52,4,no,948dc7e3-c04c-5d29-2e50-f7a02dcb5fbd
KXBTCD-25NOV0909-T102499.99,2025-11-09T13:30:04.164818Z,0.5,84,no,deb2cc5c-353c-701e-15ae-3d4c78de6145
KXBTCD-25NOV0909-T102499.99,2025-11-09T13:30:04.136417Z,0.5,200,yes,57ba3e16-79d6-514b-c875-ca0449ac7007
KXBTCD-25NOV0909-T102499.99,2025-11-09T13:30:04.136417Z,0.5,50,yes,3d24229e-df64-54af-c121-4b813ff46ea3
KXBTCD-25NOV0909-T102499.99,2025-11-09T13:29:57.748467Z,0.47,19,no,efabba89-7fb6-4814-a1e6-1de62aee0961
KXBTCD-25NOV0909-T102499.99,2025-11-09T13:29:06.337177Z,0.49,1,yes,7b249ed3-a097-79a3-56fe-57e75395fe0c
KXBTCD-25NOV0909-T102499.99,2025-11-09T13:28:55.247147Z,0.49,19,yes,7816d941-79f2-510e-1d9a-86d373bb4d19
KXBTCD-25NOV0909-T102499.99,2025-11-09T13:28:34.59224Z,0.45,5,no,9be7e03d-b64d-6b54-7cc9-238d352863b3
KXBTCD-25NOV0909-T102499.99,2025-11-09T13:28:34.59224Z,0.45,40,no,6cbdd454-dce9-6207-4bfe-e64005ea3a5b
KXBTCD-25NOV0909-T102499.99,2025-11-09T13:28:33.354433Z,0.45,55,no,224ca57b-63b6-61dd-4583-0d797c70919b
KXBTCD-25NOV0909-T102499.99,2025-11-09T13:28:22.435765Z,0.45,21,yes,83b31c36-13e9-6aec-42b6-e8f5280ecdbe
KXBTCD-25NOV0909-T102499.99,2025-11-09T13:28:20.035731Z,0.45,50,yes,f14bda92-ef9c-7ff9-7861-804364414ccc
KXBTCD-25NOV0909-T102499.99,2025-11-09T13:28:20.035731Z,0.42,40,yes,ef54ef14-0519-7e2b-6499-f71365140427
KXBTCD-25NOV0909-T102499.99,2025-11-09T13:28:20.035731Z,0.46,2,yes,dfb93436-045a-79bd-6e4a-a4baa263e64c
KXBTCD-25NOV0909-T102499.99,2025-11-09T13:28:20.035731Z,0.48,500,yes,c43da8be-3b86-7e85-46cb-68c464aaff08
KXBTCD-25NOV0909-T102499.99,2025-11-09T13:28:20.035731Z,0.47,2,yes,bc174919-1a5f-7be6-575c-a07c2596697c
KXBTCD-25NOV0909-T102499.99,2025-11-09T13:28:20.035731Z,0.48,376,yes,8a9ec220-da39-770a-7291-96fe8904b4c6
KXBTCD-25NOV0909-T102499.99,2025-11-09T13:28:20.035731Z,0.46,500,yes,6d521940-bb30-7b8a-70cf-700effc986fa
KXBTCD-25NOV0909-T102499.99,2025-11-09T13:28:20.035731Z,0.43,403,yes,456b22d4-b315-73b6-6c80-8659f3c80fbe
KXBTCD-25NOV0909-T102499.99,2025-11-09T13:28:20.035731Z,0.43,50,yes,32f7ca17-ed21-714d-6c97-738f7fd247b2
KXBTCD-25NOV0909-T102499.99,2025-11-09T13:27:43.67401Z,0.4,27,yes,94b318e5-3878-559f-e601-51f3b6646668
KXBTCD-25NOV0909-T102499.99,2025-11-09T13:27:43.67401Z,0.41,50,yes,20742510-c0e0-528b-f018-f48371234d00
KXBTCD-25NOV0909-T102499.99,2025-11-09T13:27:30.14031Z,0.39,326,yes,10986d0d-f2b1-5e1b-2665-230aafe84e90
KXBTCD-25NOV0909-T102499.99,2025-11-09T13:27:29.579471Z,0.39,246,yes,a424f3c6-c1ed-5557-be64-3fe8a125f510
KXBTCD-25NOV0909-T102499.99,2025-11-09T13:27:29.408726Z,0.39,12,yes,8432d0bb-dc4d-4b93-8706-b17dc3deb668
KXBTCD-25NOV0909-T102499.99,2025-11-09T13:27:28.391708Z,0.37,3,no,aa0696ab-fb99-6f51-4800-67ffd8d9df2d
KXBTCD-25NOV0909-T102499.99,2025-11-09T13:27:28.391708Z,0.36,7,no,5f0b62ff-e603-66c9-7866-e149d1b8c680
KXBTCD-25NOV0909-T102499.99,2025-11-09T13:27:28.356649Z,0.39,1,yes,88fb92c3-9895-57a7-e9b8-60c4fa3e4d90
KXBTCD-25NOV0909-T102499.99,2025-11-09T13:27:20.715274Z,0.38,38,yes,0654608c-8131-6e50-3c05-e6360b277aea
KXBTCD-25NOV0909-T102499.99,2025-11-09T13:27:19.496317Z,0.38,2,yes,dab3ad61-49e1-76a8-07f1-a0863cad3e5a
KXBTCD-25NOV0909-T102499.99,2025-11-09T13:26:20.872058Z,0.34,10,no,490bb55c-4f37-4f0f-c208-40596acc0cbb
KXBTCD-25NOV0909-T102499.99,2025-11-09T13:26:07.427849Z,0.36,1,no,8562cd73-ae0c-5531-68d5-e883fd94ad76
KXBTCD-25NOV0909-T102499.99,2025-11-09T13:25:33.133343Z,0.38,1,no,4d2c43b6-0f63-7227-f367-c7ab436e88d1
KXBTCD-25NOV0909-T102499.99,2025-11-09T13:25:04.931657Z,0.38,2,yes,c179c5c4-6139-4b63-c1d9-c476e7c42ff2
KXBTCD-25NOV0909-T102499.99,2025-11-09T13:24:52.231434Z,0.35,1,yes,4e4a4294-634d-55dd-bc2b-b32b29d6bd72
KXBTCD-25NOV0909-T102499.99,2025-11-09T13:24:51.009127Z,0.35,1,yes,ef2c629c-2bc5-5439-6dbd-c1efa7bc7d12
KXBTCD-25NOV0909-T102499.99,2025-11-09T13:24:49.780674Z,0.35,1,yes,30dca020-0be5-68c5-1142-bc239076a1b2
KXBTCD-25NOV0909-T102499.99,2025-11-09T13:24:46.794709Z,0.35,1,yes,a78f23da-7921-4bbd-658f-0d947c048062
KXBTCD-25NOV0909-T102499.99,2025-11-09T13:24:45.546154Z,0.35,2,yes,7ce6e2ba-98f5-5319-d802-a65335b27662
KXBTCD-25NOV0909-T102499.99,2025-11-09T13:24:42.236367Z,0.35,2,yes,848ff23a-a435-7791-bf99-994544caf386
KXBTCD-25NOV0909-T102499.99,2025-11-09T13:24:40.29923Z,0.35,2,yes,d9e3452f-5d5d-5151-40e7-13c8bba23d12
KXBTCD-25NOV0909-T102499.99,2025-11-09T13:24:29.714464Z,0.32,10,no,b25e2289-c8cc-72f5-c6dd-1bbe0d83ef9e
KXBTCD-25NOV0909-T102499.99,2025-11-09T13:24:23.153656Z,0.3,43,no,fadd5e62-6201-7cce-f018-c31184eb5dc3
KXBTCD-25NOV0909-T102499.99,2025-11-09T13:24:19.439364Z,0.3,8,yes,6da224ee-50eb-5baf-dbe8-e151ef4fdc3d
KXBTCD-25NOV0909-T102499.99,2025-11-09T13:24:18.402017Z,0.3,2,yes,309efe4c-6693-478b-824d-57b4b183a1b1
KXBTCD-25NOV0909-T102499.99,2025-11-09T13:24:16.758673Z,0.36,2,yes,da259bfe-9ae4-4944-3796-71873c0de056
KXBTCD-25NOV0909-T102499.99,2025-11-09T13:24:16.758673Z,0.37,2,yes,86971a7e-fdfe-4096-3ceb-1cad432c6459
KXBTCD-25NOV0909-T102499.99,2025-11-09T13:24:16.758673Z,0.37,21,yes,79efd325-9685-47d0-001c-bf1bf47c983f
KXBTCD-25NOV0909-T102499.99,2025-11-09T13:24:06.075592Z,0.3,10,no,566547a1-7aa2-5b17-fdd6-8febf089a2ff
KXBTCD-25NOV0909-T102499.99,2025-11-09T13:22:52.315543Z,0.25,135,yes,cd166628-db61-73f0-3106-024583c57fa4
KXBTCD-25NOV0909-T102499.99,2025-11-09T13:22:51.645522Z,0.25,7,yes,a1ed19c3-c401-6538-25a0-ad87140608cc
KXBTCD-25NOV0909-T102499.99,2025-11-09T13:22:50.448428Z,0.25,40,yes,265c2ecd-fd51-5608-4016-836a0ec90ccc
KXBTCD-25NOV0909-T102499.99,2025-11-09T13:22:50.424995Z,0.25,1,yes,1a3cd4b9-bee1-704c-8734-9fac8d721b00
KXBTCD-25NOV0909-T102499.99,2025-11-09T13:22:49.198285Z,0.25,1,yes,444ab4a5-1641-58f8-09f0-328a292390cc
KXBTCD-25NOV0909-T102499.99,2025-11-09T13:22:47.979638Z,0.25,1,yes,03bd124a-6aa5-5440-06b5-82d867e120f8
KXBTCD-25NOV0909-T102499.99,2025-11-09T13:22:46.752137Z,0.25,1,yes,967c37a9-aae9-5a1c-8566-3e58c3d51df0
KXBTCD-25NOV0909-T102499.99,2025-11-09T13:22:45.518166Z,0.25,1,yes,83be9553-d915-4c00-fe85-ca52377852dc
KXBTCD-25NOV0909-T102499.99,2025-11-09T13:22:44.294729Z,0.25,1,yes,2235a3b9-43d5-52f8-bf88-9fdd5789a7f8
KXBTCD-25NOV0909-T102499.99,2025-11-09T13:22:43.069627Z,0.25,1,yes,5c00d529-9c4d-426c-5e4b-6e9842d88750
KXBTCD-25NOV0909-T102499.99,2025-11-09T13:22:31.543169Z,0.24,40,no,8275bfc8-eafc-62b0-3761-2c19e9ccecf1
KXBTCD-25NOV0909-T102499.99,2025-11-09T13:22:31.333599Z,0.25,1,yes,d6b4cd66-bbf9-49b0-52e4-fd4bfdd3cb50
KXBTCD-25NOV0909-T102499.99,2025-11-09T13:22:28.55971Z,0.25,2,yes,129ed576-a7a9-5a20-d9b3-c74a711645d4
KXBTCD-25NOV0909-T102499.99,2025-11-09T13:22:26.292534Z,0.25,2,yes,39ed3bda-d0d1-6584-d503-083dd9e47050
KXBTCD-25NOV0909-T102499.99,2025-11-09T13:22:24.212605Z,0.25,1,yes,9a632848-7d91-7f3c-0e9b-191454e9a330
KXBTCD-25NOV0909-T102499.99,2025-11-09T13:22:22.985111Z,0.25,1,yes,bf46cbfc-1f19-64e4-9d8c-dec075de0a80
KXBTCD-25NOV0909-T102499.99,2025-11-09T13:22:21.759719Z,0.25,2,yes,ed16bd12-8a49-4650-7ec5-430c83887c9c
KXBTCD-25NOV0909-T102499.99,2025-11-09T13:22:19.503453Z,0.25,2,yes,f33c2cc2-041d-5208-9381-c0aa93d4a774
KXBTCD-25NOV0909-T102499.99,2025-11-09T13:22:00.211399Z,0.28,2,yes,11da589d-4b25-7af5-12bb-81d83540cc33
KXBTCD-25NOV0909-T102499.99,2025-11-09T13:21:54.880015Z,0.25,1,yes,dd8f28e2-a341-73e4-b54c-c6cfad51614a
KXBTCD-25NOV0909-T102499.99,2025-11-09T13:21:53.660961Z,0.25,1,yes,d58a9b2a-5c41-6f80-6db0-b6c6049e5c2e
KXBTCD-25NOV0909-T102499.99,2025-11-09T13:21:52.432594Z,0.25,1,yes,153dba3b-287d-4810-74f3-a4f5d8e01f6e
KXBTCD-25NOV0909-T102499.99,2025-11-09T13:21:51.213084Z,0.25,1,yes,b852572d-8495-4a9c-5046-e7036d105642
KXBTCD-25NOV0909-T102499.99,2025-11-09T13:21:49.991788Z,0.25,1,yes,9536bbf1-2da9-6a58-6c65-a88546611ba2
KXBTCD-25NOV0909-T102499.99,2025-11-09T13:21:44.302821Z,0.25,2,yes,4bad2bc6-6dc5-41b4-88ad-d6cb147a9bb2
KXBTCD-25NOV0909-T102499.99,2025-11-09T13:21:42.082822Z,0.25,2,yes,8cf44d1d-14fd-5e38-1b7d-503fe7dcb8ce
KXBTCD-25NOV0909-T102499.99,2025-11-09T13:21:39.775954Z,0.25,2,yes,91549de9-3ba1-4078-5eed-6818430d14e2
KXBTCD-25NOV0909-T102499.99,2025-11-09T13:21:37.997621Z,0.25,2,yes,98326fcb-038d-566c-a86b-cf6be74939fe
KXBTCD-25NOV0909-T102499.99,2025-11-09T13:21:37.970169Z,0.25,25,no,5ddf111a-b2dd-49aa-c32d-3900dd83e8b1
KXBTCD-25NOV0909-T102499.99,2025-11-09T13:21:05.181922Z,0.35,2,no,910431d7-3020-46e1-1160-e4567b2d9b9c
KXBTCD-25NOV0909-T102499.99,2025-11-09T13:20:49.502144Z,0.37,47,yes,efc3e21c-539d-64ca-251f-fcae76b66d1f
KXBTCD-25NOV0909-T102499.99,2025-11-09T13:20:49.502144Z,0.37,2,yes,73809b3b-0b2a-685c-2ee8-e14a13dc1a45
KXBTCD-25NOV0909-T102499.99,2025-11-09T13:19:58.869889Z,0.35,2,yes,b6be1cbf-3cbb-5d1a-1a9e-cc78d4428cc9
KXBTCD-25NOV0909-T102499.99,2025-11-09T13:19:58.869889Z,0.39,5,yes,665def0f-c7be-599c-250b-846c8c8e5e0a
KXBTCD-25NOV0909-T102499.99,2025-11-09T13:19:58.869889Z,0.34,3,yes,189b7f19-0724-54eb-3f31-c6fb77395fcf
KXBTCD-25NOV0909-T102499.99,2025-11-09T13:19:48.428795Z,0.3,2,yes,ff83dbbf-2443-4efd-bb14-07df3116fca4
KXBTCD-25NOV0909-T102499.99,2025-11-09T13:19:46.001249Z,0.3,2,yes,b0f8d3f1-8cc7-6191-13ec-bf6c604c4734
KXBTCD-25NOV0909-T102499.99,2025-11-09T13:19:37.830987Z,0.3,2,yes,982a9d84-9173-6855-75ec-553001217ec0
KXBTCD-25NOV0909-T102499.99,2025-11-09T13:19:36.567306Z,0.28,6,no,8c101c9c-b4ee-598f-1dc7-a4756dcdcb29
KXBTCD-25NOV0909-T102499.99,2025-11-09T13:19:29.01494Z,0.29,9,yes,40fb7cce-1cbd-4393-cbc2-79f299552e82
KXBTCD-25NOV0909-T102499.99,2025-11-09T13:19:27.786162Z,0.27,4,yes,ebfc67a7-5a11-5749-c1b5-4e4327028b80
KXBTCD-25NOV0909-T102499.99,2025-11-09T13:19:26.560585Z,0.27,2,yes,189ac8e9-fb6d-7641-82c7-07c6a2dee020
KXBTCD-25NOV0909-T102499.99,2025-11-09T13:19:24.114236Z,0.27,2,yes,30b58b95-74c5-7fb1-9b51-ec9f5a4bdbb0
KXBTCD-25NOV0909-T102499.99,2025-11-09T13:19:21.73947Z,0.27,1,yes,34e62e72-49d5-59f5-cc8e-29e24f1c77f4
KXBTCD-25NOV0909-T102499.99,2025-11-09T13:19:20.512905Z,0.27,1,yes,e37fb46f-c7e5-6855-6f22-21cd289d59d0
KXBTCD-25NOV0909-T102499.99,2025-11-09T13:19:16.517877Z,0.27,17,no,9aab4264-d0b3-6d6c-4e5e-9457cd4086b9
KXBTCD-25NOV0909-T102499.99,2025-11-09T13:19:15.763752Z,0.28,6,yes,18ae799f-bf8e-719c-b887-a089dcabb1ef
KXBTCD-25NOV0909-T102499.99,2025-11-09T13:19:14.526365Z,0.28,2,yes,8531ee23-f096-40c4-bd60-c1bba25a4773
KXBTCD-25NOV0909-T102499.99,2025-11-09T13:19:12.6708Z,0.28,2,yes,b3391093-6bd6-4144-5154-0c19942e92df
KXBTCD-25NOV0909-T102499.99,2025-11-09T13:19:03.097757Z,0.29,1,yes,b35daa99-ed15-5643-0b2c-4c58884cea4e
KXBTCD-25NOV0909-T102499.99,2025-11-09T13:18:56.503414Z,0.3,2,yes,cc995766-d8ab-5cf9-12d8-39cee6207774
KXBTCD-25NOV0909-T102499.99,2025-11-09T13:18:52.211295Z,0.3,2,yes,739791dd-e99f-5eb5-5506-1a2fabd52f10
KXBTCD-25NOV0909-T102499.99,2025-11-09T13:15:04.671421Z,0.33,2,yes,51d59164-7bef-4825-3bf3-0a291a6f7c7c
KXBTCD-25NOV0909-T102499.99,2025-11-09T13:14:51.017579Z,0.26,15,no,2517b8bf-27b1-47f6-88b9-081913330bbe
KXBTCD-25NOV0909-T102499.99,2025-11-09T13:14:32.894681Z,0.31,26,yes,ef362024-a6b1-4154-5680-91348c101c53
KXBTCD-25NOV0909-T102499.99,2025-11-09T13:14:32.894681Z,0.31,3,yes,a6272bc2-6d57-4b60-4ea4-73dd946ee170
KXBTCD-25NOV0909-T102499.99,2025-11-09T13:13:29.290665Z,0.4,23,yes,0af82ca4-1cb8-5e0b-4547-eca04039d3c0
KXBTCD-25NOV0909-T102499.99,2025-11-09T13:12:12.026164Z,0.36,2,yes,cd84444b-e4e6-71f8-92a4-7cc95d2ccf88
KXBTCD-25NOV0909-T102499.99,2025-11-09T13:12:12.026164Z,0.32,3,yes,b6d73e6c-2df9-79c3-bb43-a3630700f492
KXBTCD-25NOV0909-T102499.99,2025-11-09T13:12:12.026164Z,0.33,3,yes,af1a4689-dfd7-7842-8f76-daa04fb9f271
KXBTCD-25NOV0909-T102499.99,2025-11-09T13:11:22.071201Z,0.2,160,yes,c49dd42d-f250-56d9-95f5-cd3f46adb7b4
KXBTCD-25NOV0909-T102499.99,2025-11-09T13:11:11.576552Z,0.2,40,no,b9504782-5605-698a-cb55-65e600cce6fe
KXBTCD-25NOV0909-T102499.99,2025-11-09T13:11:03.161844Z,0.25,3,yes,565271bc-7162-6bc7-9dcf-ef7ef7bcd444
KXBTCD-25NOV0909-T102499.99,2025-11-09T13:11:03.161844Z,0.25,3,yes,234c9e54-a854-68d6-868d-9fe4457c986c
KXBTCD-25NOV0909-T102499.99,2025-11-09T13:11:03.161844Z,0.29,11,yes,12373646-4280-6d8a-a926-f76cfcc0de13
KXBTCD-25NOV0909-T102499.99,2025-11-09T13:10:45.687378Z,0.31,8,yes,636fc3e0-8d83-66a4-6ece-e5029f6f07d4
KXBTCD-25NOV0909-T102499.99,2025-11-09T13:10:45.687378Z,0.23,4,yes,59232a1f-2b3d-619e-71f8-33eb63e7c66c
KXBTCD-25NOV0909-T102499.99,2025-11-09T13:10:45.687378Z,0.25,3,yes,2c735fac-645a-6f34-6470-5a913e1991cf
KXBTCD-25NOV0909-T102499.99,2025-11-09T13:10:16.0353Z,0.25,1,yes,43444cc6-f5ba-4bcc-4861-6f6fef4715ef
KXBTCD-25NOV0909-T102499.99,2025-11-09T13:10:14.689525Z,0.21,200,no,b1e05bfe-3728-5621-cd84-2a2d81eb735f
KXBTCD-25NOV0909-T102499.99,2025-11-09T13:10:08.524472Z,0.21,4,yes,9519c6a3-1f3d-5ed1-343b-4e0306cabe0c
KXBTCD-25NOV0909-T102499.99,2025-11-09T13:10:08.524472Z,0.21,4,yes,44a7f623-0793-5a9f-2b88-05619722ceab
KXBTCD-25NOV0909-T102499.99,2025-11-09T13:09:49.409488Z,0.22,4,yes,a892b04c-0a83-4e63-8a4a-bce9ad03e961
KXBTCD-25NOV0909-T102499.99,2025-11-09T13:09:49.409488Z,0.22,4,yes,7e07603a-246f-438f-b512-44959ee2f866
KXBTCD-25NOV0909-T102499.99,2025-11-09T13:09:32.609293Z,0.21,4,yes,c9f8f47a-1604-5b99-43f4-6cfabea9bc3c
KXBTCD-25NOV0909-T102499.99,2025-11-09T13:09:32.609293Z,0.21,4,yes,c5ba8595-1278-5154-44c8-978a39d4fb31
KXBTCD-25NOV0909-T102499.99,2025-11-09T13:09:32.609293Z,0.21,4,yes,463426b9-5d1f-5178-715b-a64e1b21f02f
KXBTCD-25NOV0909-T102499.99,2025-11-09T13:09:17.890768Z,0.2,4,yes,ebef886f-8f6c-626e-d9f6-7c1c935e00c3
KXBTCD-25NOV0909-T102499.99,2025-11-09T13:09:12.627788Z,0.21,4,yes,92aa596d-54c6-74ba-5ff5-2dee8129b948
KXBTCD-25NOV0909-T102499.99,2025-11-09T13:09:12.627788Z,0.21,4,yes,10a84a94-8704-7550-48f4-feee33ca0004
KXBTCD-25NOV0909-T102499.99,2025-11-09T13:08:50.165318Z,0.22,4,yes,ac150941-afd5-7d12-a30b-c1c32b9a33b5
KXBTCD-25NOV0909-T102499.99,2025-11-09T13:08:50.165318Z,0.22,4,yes,872fa8ce-35b1-77c6-b57e-7ac43bf87eeb
KXBTCD-25NOV0909-T102499.99,2025-11-09T13:08:46.079046Z,0.21,4,yes,574ceadb-f579-7069-0c7f-bdb1ddd416f9
KXBTCD-25NOV0909-T102499.99,2025-11-09T13:08:31.936494Z,0.19,4,yes,e3e46997-fcd1-70ec-e191-13184a3eb23d
KXBTCD-25NOV0909-T102499.99,2025-11-09T13:08:31.936494Z,0.19,4,yes,2ebc15f7-3dfb-79c7-d624-04262eb50a1b
KXBTCD-25NOV0909-T102499.99,2025-11-09T13:08:31.889111Z,0.18,4,yes,f8f44910-dabc-7518-aaa2-159a31ee00b7
KXBTCD-25NOV0909-T102499.99,2025-11-09T13:08:09.914741Z,0.2,4,yes,33a410f7-2187-7991-2eaf-88b72a3d3f3e
KXBTCD-25NOV0909-T102499.99,2025-11-09T13:07:27.378333Z,0.21,4,yes,a90e044a-707a-62ba-91b9-7064bfbe7426
KXBTCD-25NOV0909-T102499.99,2025-11-09T13:07:27.378333Z,0.21,4,yes,21bcc96c-7220-669b-917d-542c66f6464e
KXBTCD-25NOV0909-T102499.99,2025-11-09T13:07:17.915964Z,0.21,4,yes,ab6d9517-21ab-7eb5-5317-7a35dce06c1b
KXBTCD-25NOV0909-T102499.99,2025-11-09T13:07:17.915964Z,0.21,4,yes,11dbdad4-bffd-78cd-43d5-3c7c09dddad3
KXBTCD-25NOV0909-T102499.99,2025-11-09T13:07:13.873408Z,0.2,4,yes,d9c026c1-a890-6489-0c71-059f8b5721e4
KXBTCD-25NOV0909-T102499.99,2025-11-09T13:07:13.873408Z,0.2,4,yes,a91ae9e8-cb6a-65a9-1920-0dd428fedf2c
KXBTCD-25NOV0909-T102499.99,2025-11-09T13:07:13.873408Z,0.2,5,yes,8cce6353-253c-6f2a-36d7-679dcde67a47
KXBTCD-25NOV0909-T102499.99,2025-11-09T13:06:52.541554Z,0.17,4,yes,949cb0d7-daca-57cd-1e71-c7b97398c71a
KXBTCD-25NOV0909-T102499.99,2025-11-09T13:06:40.770057Z,0.21,4,yes,e5151bf0-39ed-5ad2-2089-595a76547d18
KXBTCD-25NOV0909-T102499.99,2025-11-09T13:06:40.770057Z,0.21,4,yes,73386048-9c94-5081-2e12-b99e7e69fff5
KXBTCD-25NOV0909-T102499.99,2025-11-09T13:06:40.770057Z,0.21,4,yes,284fe3f6-921d-53e0-1f81-a3ba37fc349f
KXBTCD-25NOV0909-T102499.99,2025-11-09T13:06:33.21182Z,0.2,4,yes,87be069f-c126-4cef-4345-76380f328b24
KXBTCD-25NOV0909-T102499.99,2025-11-09T13:06:33.21182Z,0.2,4,yes,6683d4dd-0fbb-46c9-5f38-03b5436fcd36
KXBTCD-25NOV0909-T102499.99,2025-11-09T13:06:27.51026Z,0.19,4,yes,813d153d-c581-57fc-5019-97c358494429
KXBTCD-25NOV0909-T102499.99,2025-11-09T13:06:26.926756Z,0.19,4,yes,d3a1e454-5465-5434-71f7-67b51dd5d324
KXBTCD-25NOV0909-T102499.99,2025-11-09T13:06:26.926756Z,0.19,4,yes,24754307-34f9-5224-4a72-94b3a068b10f
KXBTCD-25NOV0909-T102499.99,2025-11-09T13:06:19.169093Z,0.19,4,yes,49bb24c6-bcd1-602a-3570-03f9bd2652c2
KXBTCD-25NOV0909-T102499.99,2025-11-09T13:06:19.169093Z,0.19,4,yes,1a0c9e5e-e04d-6002-3cbe-4bb86e1fa3cc
KXBTCD-25NOV0909-T102499.99,2025-11-09T13:06:16.656537Z,0.19,4,yes,e29b9a0f-e9d2-785d-2d88-4afae2cdc378
KXBTCD-25NOV0909-T102499.99,2025-11-09T13:06:16.656537Z,0.19,4,yes,956f5f80-e2cd-7c98-165c-c8ee327c583e
KXBTCD-25NOV0909-T102499.99,2025-11-09T13:06:16.656537Z,0.19,4,yes,718bd605-fc55-7384-27e8-8703936f8035
KXBTCD-25NOV0909-T102499.99,2025-11-09T13:05:59.163113Z,0.19,4,yes,c67ae5ab-e161-758f-dbb9-6285e6209f45
KXBTCD-25NOV0909-T102499.99,2025-11-09T13:05:59.163113Z,0.19,4,yes,59f76bd8-e711-7492-c6c8-5529cd358cf1
KXBTCD-25NOV0909-T102499.99,2025-11-09T13:05:39.68553Z,0.18,4,yes,96bce727-18d4-7dea-7a84-787c2f4c810a
KXBTCD-25NOV0909-T102499.99,2025-11-09T13:05:39.68553Z,0.18,4,yes,27128f58-bf3f-78e3-53af-66982485bd63
KXBTCD-25NOV0909-T102499.99,2025-11-09T13:05:25.381034Z,0.18,4,yes,638bd070-b1aa-7797-be6f-a09ef4e6ff76
KXBTCD-25NOV0909-T102499.99,2025-11-09T13:05:25.381034Z,0.18,4,yes,2e45a2b5-f0f6-76b2-8c69-6b079a7db8d1
KXBTCD-25NOV0909-T102499.99,2025-11-09T13:05:01.265186Z,0.15,4,yes,baf93ac6-b41a-60b2-8df6-32b186ff934d
KXBTCD-25NOV0909-T102499.99,2025-11-09T13:05:01.265186Z,0.15,4,yes,3dd40f74-e89c-605a-bd33-a1b647976324
KXBTCD-25NOV0909-T102499.99,2025-11-09T13:02:57.307725Z,0.18,200,no,d482c9f3-672e-49a6-b877-58038b968f89
KXBTCD-25NOV0909-T102499.99,2025-11-09T13:02:38.376359Z,0.18,120,yes,790b8a71-80fa-60f8-0939-4f276c1f970f
KXBTCD-25NOV0909-T102499.99,2025-11-09T13:02:37.412186Z,0.18,40,yes,39404ebe-db6e-5c00-e512-8a96d3af5dbb
KXBTCD-25NOV0909-T102499.99,2025-11-09T13:02:36.383287Z,0.17,40,yes,ec89fc5e-19c3-6fbb-1b9e-c30141e9a0fd
KXBTCD-25NOV0909-T102499.99,2025-11-09T13:02:36.383287Z,0.17,200,yes,74d70219-973d-644c-2343-fd5524dc26ac
KXBTCD-25NOV0909-T102499.99,2025-11-09T13:01:56.311464Z,0.15,200,no,28fd7126-dfc7-55e0-b8c9-835659316493
KXBTCD-25NOV0909-T102499.99,2025-11-09T13:01:46.808912Z,0.18,40,no,79d7f1ce-56c5-4fab-c5b9-be7e147c28fd
