ticker,created_time,price,count,taker_side,trade_id
KXCSGOGAME-MOUVIT825-MOU,2025-11-08T17:08:22.259042Z,0.01,30,yes,2eb8b180-750d-77fd-1c13-eb624d120295
KXCSGOGAME-MOUVIT825-MOU,2025-11-08T16:31:28.009969Z,0.01,41,yes,3318c96a-f851-5aed-281e-f885778735ed
KXCSGOGAME-MOUVIT825-MOU,2025-11-08T16:21:12.57214Z,0.01,314,yes,888ef1c7-fda5-7661-7214-f4965cd8bc51
KXCSGOGAME-MOUVIT825-MOU,2025-11-08T14:52:36.194604Z,0.01,15,yes,a1a8d90c-f365-6091-ee3a-92ac9d195fdd
KXCSGOGAME-MOUVIT825-MOU,2025-11-08T14:31:45.956306Z,0.01,500,yes,bc92901d-c9a9-40f1-43af-e5456d1f8421
KXCSGOGAME-MOUVIT825-MOU,2025-11-08T14:11:18.85605Z,0.01,673,yes,f81f6643-64f1-67b1-8bdf-4533eb3954b1
KXCSGOGAME-MOUVIT825-MOU,2025-11-08T10:38:38.4263Z,0.01,63,yes,458e7357-2f6a-6b63-b0f8-a02804c2b109
KXCSGOGAME-MOUVIT825-MOU,2025-11-08T10:09:10.09491Z,0.01,271,yes,012d37a6-3032-584f-9a70-424a3e449dc1
KXCSGOGAME-MOUVIT825-MOU,2025-11-08T10:04:01.603199Z,0.01,53,yes,c7603a32-fd6a-7c5b-2f17-265351fc3f0d
KXCSGOGAME-MOUVIT825-MOU,2025-11-08T10:02:58.86042Z,0.01,12,yes,83ed410c-677e-4973-c1e2-b578c3dc9d39
KXCSGOGAME-MOUVIT825-MOU,2025-11-08T10:02:39.686547Z,0.01,200,no,f6561b49-aa39-4cf6-5f58-679b9304bcde
KXCSGOGAME-MOUVIT825-MOU,2025-11-08T10:02:39.686547Z,0.01,183,no,bfb82eda-79b6-465a-438a-f35d5c98c22b
KXCSGOGAME-MOUVIT825-MOU,2025-11-08T10:02:39.686547Z,0.01,200,no,7fba937e-c9fa-4f90-779d-801583705c0e
KXCSGOGAME-MOUVIT825-MOU,2025-11-08T10:02:39.686547Z,0.01,100,no,5cbb80b4-3b85-4e3e-55c9-c4171c79e75f
KXCSGOGAME-MOUVIT825-MOU,2025-11-08T10:02:39.686547Z,0.01,1000,no,40faffb8-4ad1-4ada-7a73-f9e9d8f442cd
KXCSGOGAME-MOUVIT825-MOU,2025-11-08T10:02:14.612964Z,0.01,17,no,bc457358-093e-77f2-4b47-87030b3b539b
KXCSGOGAME-MOUVIT825-MOU,2025-11-08T10:02:14.612964Z,0.03,68,no,47b7502a-d2bd-7189-6ac9-559442ac556b
KXCSGOGAME-MOUVIT825-MOU,2025-11-08T10:02:10.334837Z,0.08,4,no,aa1cc2d0-b42b-4e76-89fd-4a7a51b31a99
KXCSGOGAME-MOUVIT825-MOU,2025-11-08T10:02:10.334837Z,0.03,32,no,4997f9ba-b1d5-40f1-a5a0-d5719ecda993
KXCSGOGAME-MOUVIT825-MOU,2025-11-08T10:02:08.269829Z,0.08,40,no,9d7ff261-19c7-6b66-c256-6ce3a8ea2141
KXCSGOGAME-MOUVIT825-MOU,2025-11-08T10:00:44.41192Z,0.08,220,no,7448efb6-148b-7c62-77fc-294ec4a3c0c9
KXCSGOGAME-MOUVIT825-MOU,2025-11-08T10:00:36.841018Z,0.08,54,no,1d9090fd-dfc3-64a6-ae8d-99998b505609
KXCSGOGAME-MOUVIT825-MOU,2025-11-08T10:00:02.025918Z,0.12,10,no,d5810488-d78e-6380-316d-812c96c7f11b
KXCSGOGAME-MOUVIT825-MOU,2025-11-08T10:00:02.025918Z,0.08,88,no,8096c0d8-f933-6ada-1d9c-48ded48af4a1
KXCSGOGAME-MOUVIT825-MOU,2025-11-08T10:00:02.025918Z,0.12,10,no,3374d0d7-37c4-620b-0679-7bf9c2a8e5f2
KXCSGOGAME-MOUVIT825-MOU,2025-11-08T09:59:58.384882Z,0.13,87,no,76d7108f-fde4-59d5-2b14-05858412d9d5
KXCSGOGAME-MOUVIT825-MOU,2025-11-08T09:59:58.155032Z,0.13,3,no,9efa18bb-9a0e-5e3c-eb09-957c6868bd4a
KXCSGOGAME-MOUVIT825-MOU,2025-11-08T09:59:58.155032Z,0.13,353,no,8a41bd25-b654-5a15-f0ea-9ac2797eed9d
KXCSGOGAME-MOUVIT825-MOU,2025-11-08T09:59:48.413902Z,0.25,190,yes,3c4d20ce-017c-4765-2e9f-274ac1d77ac8
KXCSGOGAME-MOUVIT825-MOU,2025-11-08T09:58:35.796279Z,0.39,11,yes,891c8eb6-4d00-7ab3-dd91-841ae18fab67
KXCSGOGAME-MOUVIT825-MOU,2025-11-08T09:57:21.895347Z,0.4,381,yes,e2773138-45bc-6295-cc35-a94e91b51930
KXCSGOGAME-MOUVIT825-MOU,2025-11-08T09:57:07.052978Z,0.4,47,yes,4508eb9c-a328-5575-199b-93a73a84d30c
KXCSGOGAME-MOUVIT825-MOU,2025-11-08T09:54:59.872534Z,0.45,245,no,4c4167bb-b458-6dfe-f71d-ef8ebc09a7bc
KXCSGOGAME-MOUVIT825-MOU,2025-11-08T09:54:59.872534Z,0.55,100,no,1140cb01-9f12-6df9-c9cc-400ef5356edd
KXCSGOGAME-MOUVIT825-MOU,2025-11-08T09:54:10.967545Z,0.45,100,no,cd66f0ac-5de0-5372-20cb-b732670ad474
KXCSGOGAME-MOUVIT825-MOU,2025-11-08T09:54:10.967545Z,0.55,100,no,8cbca77d-252d-5834-10b0-a40236e663af
KXCSGOGAME-MOUVIT825-MOU,2025-11-08T09:52:58.177395Z,0.65,100,yes,7a44d0f3-c1f4-5a69-4c31-b059114e0e50
KXCSGOGAME-MOUVIT825-MOU,2025-11-08T09:52:45.019127Z,0.55,4,no,347ed3ed-8db5-73c4-0ea7-3d52754f1117
KXCSGOGAME-MOUVIT825-MOU,2025-11-08T09:52:24.681803Z,0.55,15,no,ac9d777e-e40d-75ec-6c0d-7d5721c3c41b
KXCSGOGAME-MOUVIT825-MOU,2025-11-08T09:52:06.384745Z,0.55,1,yes,0806219c-17f1-6d41-6cc7-3ad8d7f254e1
KXCSGOGAME-MOUVIT825-MOU,2025-11-08T09:52:03.676344Z,0.55,35,yes,2cbbcbc8-eb91-5b11-f102-93c4a9e14661
KXCSGOGAME-MOUVIT825-MOU,2025-11-08T09:51:55.041434Z,0.5,152,yes,aad81c01-6bdb-5965-6dc0-17a82698ef30
KXCSGOGAME-MOUVIT825-MOU,2025-11-08T09:51:36.375287Z,0.5,300,yes,0e5dfd14-51eb-7089-db66-489e07eb503c
KXCSGOGAME-MOUVIT825-MOU,2025-11-08T09:50:28.445484Z,0.5,48,yes,d9ceb04f-fd3b-7ced-b1e2-887e5a96a260
KXCSGOGAME-MOUVIT825-MOU,2025-11-08T09:50:12.641135Z,0.54,44,yes,ad556170-06c8-4023-f38b-ca1039b871c0
KXCSGOGAME-MOUVIT825-MOU,2025-11-08T09:49:46.981008Z,0.48,69,yes,b535460d-7a49-5579-4fae-697cb49fa1f4
KXCSGOGAME-MOUVIT825-MOU,2025-11-08T09:49:46.981008Z,0.49,30,yes,a49507d1-add4-56c9-4e45-0752c5c34204
KXCSGOGAME-MOUVIT825-MOU,2025-11-08T09:48:44.896332Z,0.45,21,yes,2dadfcf5-d891-674d-d27f-59ca5664517c
KXCSGOGAME-MOUVIT825-MOU,2025-11-08T09:48:32.878734Z,0.45,2,yes,9095a46b-9c09-4bb3-ee2b-6362cfdcf2b8
KXCSGOGAME-MOUVIT825-MOU,2025-11-08T09:48:32.878734Z,0.45,60,yes,53768fa3-dab1-413d-c1a6-9305efa806d0
KXCSGOGAME-MOUVIT825-MOU,2025-11-08T09:47:44.063512Z,0.2,4,no,7012db48-0d9a-5ea4-263a-ec44046993ed
KXCSGOGAME-MOUVIT825-MOU,2025-11-08T09:47:10.374363Z,0.25,14,yes,4bee66e9-d8ea-7af1-6a9d-d3b3a54f509c
KXCSGOGAME-MOUVIT825-MOU,2025-11-08T09:45:58.813892Z,0.16,420,yes,341e8f5e-6717-7359-7672-6c5b24978a35
KXCSGOGAME-MOUVIT825-MOU,2025-11-08T09:45:51.600309Z,0.16,20,no,46f5c19a-5879-4ffc-6214-5fee0e954b86
KXCSGOGAME-MOUVIT825-MOU,2025-11-08T09:45:48.645315Z,0.25,7,yes,5bdebf5a-e6ba-6b61-f9a3-32a89fb96c98
KXCSGOGAME-MOUVIT825-MOU,2025-11-08T09:45:02.874369Z,0.25,103,yes,64dc5848-842a-4bf1-b6f4-d03f918b4f80
KXCSGOGAME-MOUVIT825-MOU,2025-11-08T09:45:02.874369Z,0.25,22,yes,3fcf2609-6027-4f57-9893-5f768ce82e28
KXCSGOGAME-MOUVIT825-MOU,2025-11-08T09:44:34.142242Z,0.25,19,yes,4eac7ee7-6d53-7363-2d5a-944aa8d72cd4
KXCSGOGAME-MOUVIT825-MOU,2025-11-08T09:43:46.288366Z,0.13,50,yes,5710cc55-8f0b-5799-52fd-5b97d1f6e12f
KXCSGOGAME-MOUVIT825-MOU,2025-11-08T09:43:38.262178Z,0.13,300,no,7e26afbb-7285-4800-3161-702166602347
KXCSGOGAME-MOUVIT825-MOU,2025-11-08T09:43:04.49374Z,0.24,10,no,766c45c7-f698-5292-22c2-ac26718aecdf
KXCSGOGAME-MOUVIT825-MOU,2025-11-08T09:41:58.548051Z,0.28,51,yes,8cb09d66-5793-5317-6bd9-34e70b056238
KXCSGOGAME-MOUVIT825-MOU,2025-11-08T09:41:50.928532Z,0.28,108,yes,3220a66e-8b2f-6e5b-cd2d-70376d30c448
KXCSGOGAME-MOUVIT825-MOU,2025-11-08T09:41:07.090053Z,0.17,25,no,ce4f7665-1e3b-42f2-4aa3-97653baf0b6b
KXCSGOGAME-MOUVIT825-MOU,2025-11-08T09:41:07.090053Z,0.15,25,no,ac2a9758-71a9-461f-7c22-4bc9f174504e
KXCSGOGAME-MOUVIT825-MOU,2025-11-08T09:41:07.090053Z,0.2,94,no,810b9b57-ec29-4d16-696e-df864f3b918c
KXCSGOGAME-MOUVIT825-MOU,2025-11-08T09:41:07.090053Z,0.19,25,no,7156305f-da92-42bf-5457-c35da8ceb468
KXCSGOGAME-MOUVIT825-MOU,2025-11-08T09:41:07.090053Z,0.12,15,no,62bde521-018a-4498-7445-25eedfd511c3
KXCSGOGAME-MOUVIT825-MOU,2025-11-08T09:41:07.090053Z,0.13,25,no,1bab69e5-0e7c-4ded-4fd1-f5493e98456c
KXCSGOGAME-MOUVIT825-MOU,2025-11-08T09:41:07.090053Z,0.18,25,no,142e531e-7543-4c01-720f-6ab0fb9c3820
KXCSGOGAME-MOUVIT825-MOU,2025-11-08T09:40:51.873768Z,0.2,206,no,258b24e8-6019-605e-24bf-26d799ae7ac8
KXCSGOGAME-MOUVIT825-MOU,2025-11-08T09:40:47.413391Z,0.3,64,yes,5c1b639f-bc20-7359-0089-4cc39b5546b4
KXCSGOGAME-MOUVIT825-MOU,2025-11-08T09:40:04.016538Z,0.33,14,yes,6283c416-7b7a-57a9-1b72-8b34d1021714
KXCSGOGAME-MOUVIT825-MOU,2025-11-08T09:39:22.28613Z,0.34,98,yes,4fe9b43f-acbd-6699-34b0-69f7c08d9a8c
KXCSGOGAME-MOUVIT825-MOU,2025-11-08T09:39:14.991784Z,0.25,42,no,c78fce1a-ee3d-5f46-eaab-a88638423e84
KXCSGOGAME-MOUVIT825-MOU,2025-11-08T09:39:04.821042Z,0.28,117,no,dca0574a-9932-4e02-f3a9-9a8ee987d157
KXCSGOGAME-MOUVIT825-MOU,2025-11-08T09:39:04.821042Z,0.26,14,no,daf9246b-ae87-4b1f-dfe7-47ed5b2bdc9d
KXCSGOGAME-MOUVIT825-MOU,2025-11-08T09:39:04.821042Z,0.28,15,no,b9eb697a-08e7-4469-f549-20260de92a89
KXCSGOGAME-MOUVIT825-MOU,2025-11-08T09:39:04.821042Z,0.28,100,no,99eb7a74-4a9f-49c9-e716-ec2564507ae5
KXCSGOGAME-MOUVIT825-MOU,2025-11-08T09:39:04.821042Z,0.26,25,no,20c9eece-67a0-4dfb-dd58-13b2c1a23a89
KXCSGOGAME-MOUVIT825-MOU,2025-11-08T09:38:38.759556Z,0.3,200,no,9e491593-24db-5c2b-91e6-134766e902da
KXCSGOGAME-MOUVIT825-MOU,2025-11-08T09:38:38.759556Z,0.3,2,no,6d50fe3c-fc3f-566d-b118-e14210392eb0
KXCSGOGAME-MOUVIT825-MOU,2025-11-08T09:38:24.958722Z,0.35,150,no,a708a8a3-ca67-59d5-a21c-a07bcc7fdbc1
KXCSGOGAME-MOUVIT825-MOU,2025-11-08T09:38:14.262769Z,0.46,27,yes,438c4067-6dba-7f95-9efc-9080ab3ed929
KXCSGOGAME-MOUVIT825-MOU,2025-11-08T09:38:01.67205Z,0.38,18,no,eb24618d-258f-63d8-3985-b94589d9b024
KXCSGOGAME-MOUVIT825-MOU,2025-11-08T09:38:01.67205Z,0.37,7,no,696ed3b5-e308-6913-2bd8-e1b954bde074
KXCSGOGAME-MOUVIT825-MOU,2025-11-08T09:37:59.917749Z,0.38,25,no,54225072-f397-4f34-01c1-453512053410
KXCSGOGAME-MOUVIT825-MOU,2025-11-08T09:37:58.646191Z,0.38,25,no,1d8fbac8-1d07-5a44-3992-23ae3e5daab8
KXCSGOGAME-MOUVIT825-MOU,2025-11-08T09:37:56.9605Z,0.38,25,no,fad152f6-5167-4b1c-6ce2-cc02a5f95c18
KXCSGOGAME-MOUVIT825-MOU,2025-11-08T09:37:55.138656Z,0.38,25,no,e2a142c4-bd7f-5300-407f-1b41ab46c214
KXCSGOGAME-MOUVIT825-MOU,2025-11-08T09:37:53.242889Z,0.38,25,no,f3a4d1c7-fbeb-511c-d94a-63cbf372f824
KXCSGOGAME-MOUVIT825-MOU,2025-11-08T09:37:51.401697Z,0.37,25,no,67097d1f-f3a0-503b-2fc5-18a706c64aac
KXCSGOGAME-MOUVIT825-MOU,2025-11-08T09:36:49.645536Z,0.43,111,yes,94ebaf04-1562-68b5-ff08-13b4f3f5a70d
KXCSGOGAME-MOUVIT825-MOU,2025-11-08T09:36:23.577066Z,0.44,218,yes,1de3249d-7dad-76e5-4e3c-3e57f86db4d0
KXCSGOGAME-MOUVIT825-MOU,2025-11-08T09:36:16.064077Z,0.44,2,yes,2f9735c9-28f9-6e09-ea5e-74a2c5a2a834
KXCSGOGAME-MOUVIT825-MOU,2025-11-08T09:35:02.417059Z,0.44,22,yes,0b60488b-eec1-68b5-45c1-79f089af8c74
KXCSGOGAME-MOUVIT825-MOU,2025-11-08T09:33:56.869336Z,0.45,242,yes,7c35e88d-afc0-5051-9ed1-30a42b1ed82c
KXCSGOGAME-MOUVIT825-MOU,2025-11-08T09:33:56.869336Z,0.45,100,yes,699943c4-2d53-59bc-a5b2-c94c6851d6f4
KXCSGOGAME-MOUVIT825-MOU,2025-11-08T09:33:16.691391Z,0.36,13,yes,a3820a9e-5838-75c7-51a5-592154bfcdb4
KXCSGOGAME-MOUVIT825-MOU,2025-11-08T09:32:49.44299Z,0.36,50,yes,c1191526-3620-743f-6082-300cc9ec38b8
KXCSGOGAME-MOUVIT825-MOU,2025-11-08T09:32:43.421979Z,0.36,42,yes,d83a09ef-d9a0-4cdb-eeac-66392ec50370
KXCSGOGAME-MOUVIT825-MOU,2025-11-08T09:32:23.017808Z,0.35,12,no,1a7cf5d6-20bb-66fd-11c6-036e706d2ba1
KXCSGOGAME-MOUVIT825-MOU,2025-11-08T09:31:56.564203Z,0.35,8,no,41aaadb9-7e27-5a21-fc8e-4f374105c10d
KXCSGOGAME-MOUVIT825-MOU,2025-11-08T09:31:50.846281Z,0.36,12,no,11750347-50e6-6516-8a3e-988b3eeba0bb
KXCSGOGAME-MOUVIT825-MOU,2025-11-08T09:31:02.190316Z,0.36,38,no,aab5b712-f282-6d72-3f72-431475a1a2e3
KXCSGOGAME-MOUVIT825-MOU,2025-11-08T09:30:32.819108Z,0.44,10,yes,b45ba488-c469-7e39-b1e6-66e24fe31fe0
KXCSGOGAME-MOUVIT825-MOU,2025-11-08T09:30:12.109743Z,0.35,30,no,04ea9439-853b-66fd-1d40-a2032d306fb5
KXCSGOGAME-MOUVIT825-MOU,2025-11-08T09:29:23.549879Z,0.49,50,yes,e2bcc2dc-7204-6762-cd2c-12d5e4690a09
KXCSGOGAME-MOUVIT825-MOU,2025-11-08T09:29:23.549879Z,0.52,39,yes,7806807c-2e2e-6e11-ce80-198ae468c756
KXCSGOGAME-MOUVIT825-MOU,2025-11-08T09:29:23.549879Z,0.55,14,yes,62b84608-d261-6de1-d189-80d550d2cfb9
KXCSGOGAME-MOUVIT825-MOU,2025-11-08T09:29:23.549879Z,0.46,303,yes,5bee8de9-d6c1-6f0c-da58-4a80f0e1e4c6
KXCSGOGAME-MOUVIT825-MOU,2025-11-08T09:29:23.549879Z,0.5,1,yes,04b0384b-8f31-659d-e1a1-b0776f5e263b
KXCSGOGAME-MOUVIT825-MOU,2025-11-08T09:28:32.348652Z,0.44,6,yes,8211550a-4379-7950-1a51-aea924f11be2
KXCSGOGAME-MOUVIT825-MOU,2025-11-08T09:27:28.645026Z,0.44,2,yes,7cc5a162-7579-6828-4da2-caadfc97ae66
KXCSGOGAME-MOUVIT825-MOU,2025-11-08T09:27:21.210568Z,0.44,146,yes,b832b109-fbf9-4658-d6e9-9ad3714e555e
KXCSGOGAME-MOUVIT825-MOU,2025-11-08T09:27:19.692964Z,0.44,43,yes,65409d63-e84d-7780-4691-7e89aea95d5e
KXCSGOGAME-MOUVIT825-MOU,2025-11-08T09:25:36.700678Z,0.35,47,yes,f7a973a8-3a1c-4173-9abe-1b5b546c358a
KXCSGOGAME-MOUVIT825-MOU,2025-11-08T09:25:28.008838Z,0.34,1,no,b16c07ad-0c16-5df0-8f1b-8a39e0dfedf8
KXCSGOGAME-MOUVIT825-MOU,2025-11-08T09:25:28.008838Z,0.33,28,no,7f7ffa73-29e1-59ae-9b04-3c2c3a2bdf9c
KXCSGOGAME-MOUVIT825-MOU,2025-11-08T09:25:24.651664Z,0.36,18,no,bf36ada3-ca5b-443a-a231-beccbeca151d
KXCSGOGAME-MOUVIT825-MOU,2025-11-08T09:25:24.651664Z,0.36,50,no,b693d936-003c-4b45-8ef0-92b375022056
KXCSGOGAME-MOUVIT825-MOU,2025-11-08T09:23:52.530835Z,0.44,4,yes,2bf1c60d-91ee-46b5-7f08-7629605089b4
KXCSGOGAME-MOUVIT825-MOU,2025-11-08T09:23:31.882397Z,0.43,50,yes,64208fc2-3f73-7ac6-17f9-b7cef0085ea9
KXCSGOGAME-MOUVIT825-MOU,2025-11-08T09:22:49.959163Z,0.38,25,yes,977b9670-ad25-4baa-a71c-ec59a8fe7e92
KXCSGOGAME-MOUVIT825-MOU,2025-11-08T09:21:45.67896Z,0.39,39,yes,d3c3211c-d75d-5122-83c9-ca60d1ae3f1a
KXCSGOGAME-MOUVIT825-MOU,2025-11-08T09:21:10.376164Z,0.44,17,yes,1fbe5faf-1a86-57f5-b817-6780c9ef5e9c
KXCSGOGAME-MOUVIT825-MOU,2025-11-08T09:21:10.376164Z,0.4,200,yes,1ab8d811-d016-5bdc-89d9-79c00756e3b9
KXCSGOGAME-MOUVIT825-MOU,2025-11-08T09:21:10.376164Z,0.42,20,yes,17e6cc91-d7b2-5336-a23f-b104078743f8
KXCSGOGAME-MOUVIT825-MOU,2025-11-08T09:20:01.113168Z,0.4,109,no,34d37e3a-9eee-7aa2-19bd-8f532bd92013
KXCSGOGAME-MOUVIT825-MOU,2025-11-08T09:19:59.992206Z,0.44,39,yes,afbcace5-8476-7f15-f6a6-0f1525162138
KXCSGOGAME-MOUVIT825-MOU,2025-11-08T09:18:43.672574Z,0.41,10,no,9d4e6c3f-bed6-51ed-d51b-0c3d311d753b
KXCSGOGAME-MOUVIT825-MOU,2025-11-08T09:18:43.672574Z,0.4,391,no,92f4703f-773a-5f3e-eccc-f30212045fbf
KXCSGOGAME-MOUVIT825-MOU,2025-11-08T09:18:27.075291Z,0.5,28,yes,9d1d1801-0e32-7a64-8f04-d37624a6e891
KXCSGOGAME-MOUVIT825-MOU,2025-11-08T09:17:41.813521Z,0.51,25,no,b80a8098-1654-6a9a-4f1b-54bc3ab71d51
KXCSGOGAME-MOUVIT825-MOU,2025-11-08T09:17:29.867335Z,0.51,25,no,5d0c9a6b-a21c-729e-cfc9-1a1968227cf5
KXCSGOGAME-MOUVIT825-MOU,2025-11-08T09:17:13.165637Z,0.55,42,yes,9bb0dfe1-f312-715d-5d04-9b71e7afee7c
KXCSGOGAME-MOUVIT825-MOU,2025-11-08T09:15:47.161414Z,0.59,20,yes,7b002617-81ba-65fc-9c7c-0e57d355c1b9
KXCSGOGAME-MOUVIT825-MOU,2025-11-08T09:14:28.942408Z,0.7,259,yes,cb65f63e-bfb3-64fb-c5b9-63cbab8882f7
KXCSGOGAME-MOUVIT825-MOU,2025-11-08T09:14:28.942408Z,0.6,65,yes,5bab0e31-e92d-6fd3-c482-60df8eb8e4ba
KXCSGOGAME-MOUVIT825-MOU,2025-11-08T09:14:28.942408Z,0.59,265,yes,502b09f6-f93e-6bf9-c0db-b1fd255a6e6f
KXCSGOGAME-MOUVIT825-MOU,2025-11-08T09:14:20.025678Z,0.5,229,no,ebabf1d4-e21f-65eb-a6c3-8c91b00c1d79
KXCSGOGAME-MOUVIT825-MOU,2025-11-08T09:14:20.025678Z,0.56,39,no,24ef002f-cec0-6225-96d0-1be20fda9a43
KXCSGOGAME-MOUVIT825-MOU,2025-11-08T09:14:15.645228Z,0.56,51,no,ab3d9e25-85a0-7b01-7b20-549af6c6ff6f
KXCSGOGAME-MOUVIT825-MOU,2025-11-08T09:14:10.523098Z,0.59,13,yes,5d46cb84-fa3e-542d-74c6-b59949c93193
KXCSGOGAME-MOUVIT825-MOU,2025-11-08T09:14:05.43274Z,0.56,60,no,c1aeaed3-a244-7e15-3c08-e5938e47e1e3
KXCSGOGAME-MOUVIT825-MOU,2025-11-08T09:13:37.669506Z,0.55,35,yes,3be6728a-a241-5237-c8a8-37009ab3bcd2
KXCSGOGAME-MOUVIT825-MOU,2025-11-08T09:13:02.351037Z,0.54,20,yes,c4217b9e-9d1e-4159-4433-424325382333
KXCSGOGAME-MOUVIT825-MOU,2025-11-08T09:11:53.71287Z,0.5,10,yes,829dfa4f-46a2-6067-f688-f9d4bd0a248c
KXCSGOGAME-MOUVIT825-MOU,2025-11-08T09:10:17.970934Z,0.48,10,yes,69c47c5f-d042-4e51-30d2-4f5e49643e64
KXCSGOGAME-MOUVIT825-MOU,2025-11-08T09:09:28.979793Z,0.37,21,no,470cfea3-a55f-4791-2ea8-72bf8491a235
KXCSGOGAME-MOUVIT825-MOU,2025-11-08T09:09:28.979793Z,0.36,7,no,3b166f0e-f893-4bc6-12fb-ec379870b32d
KXCSGOGAME-MOUVIT825-MOU,2025-11-08T09:08:19.184515Z,0.39,25,no,c114b184-2d13-5d31-67b3-162181992a40
KXCSGOGAME-MOUVIT825-MOU,2025-11-08T09:08:19.184515Z,0.38,25,no,261b0c79-18e5-5627-5f90-d68a23481106
KXCSGOGAME-MOUVIT825-MOU,2025-11-08T09:08:19.184515Z,0.37,4,no,23a84872-9557-5af1-715d-c9a7d7fec54d
KXCSGOGAME-MOUVIT825-MOU,2025-11-08T09:08:06.816458Z,0.44,7,no,f3176881-783e-678d-5459-f5b78de19ed3
KXCSGOGAME-MOUVIT825-MOU,2025-11-08T09:08:04.34645Z,0.44,33,no,29639a30-799e-4899-289a-e1b5800acf53
KXCSGOGAME-MOUVIT825-MOU,2025-11-08T09:07:40.954007Z,0.45,183,no,80dcdf2d-01be-50b0-8a44-5e79838c9295
KXCSGOGAME-MOUVIT825-MOU,2025-11-08T09:06:21.002432Z,0.5,9,yes,f4847bdf-970e-6a0b-c2de-8d16f7b20290
KXCSGOGAME-MOUVIT825-MOU,2025-11-08T09:06:10.713779Z,0.45,117,no,36943bdf-e8e6-58d0-efe5-6f1ffa3e0479
KXCSGOGAME-MOUVIT825-MOU,2025-11-08T09:05:37.687372Z,0.5,28,yes,e096fa6a-7bde-5767-a7ed-42c44c56b9ec
KXCSGOGAME-MOUVIT825-MOU,2025-11-08T09:05:28.609911Z,0.5,38,yes,f42cd47b-e742-5997-cd13-003f3543ff88
KXCSGOGAME-MOUVIT825-MOU,2025-11-08T09:05:06.845415Z,0.5,96,yes,f65ec2bc-7e52-7aef-a312-818784a5c37c
KXCSGOGAME-MOUVIT825-MOU,2025-11-08T09:05:01.424709Z,0.5,40,yes,97ae0fc2-63d6-48af-211d-6bff7cf704b8
KXCSGOGAME-MOUVIT825-MOU,2025-11-08T09:05:01.424709Z,0.49,19,yes,3362fd7f-3d1a-4e6d-2997-52f989da3ed7
KXCSGOGAME-MOUVIT825-MOU,2025-11-08T09:05:01.424709Z,0.48,25,yes,099797f6-5852-4f5f-262d-56be76354690
KXCSGOGAME-MOUVIT825-MOU,2025-11-08T09:04:16.023691Z,0.46,15,yes,11d50c32-b24d-72fb-126d-f7c3824d26cd
KXCSGOGAME-MOUVIT825-MOU,2025-11-08T09:03:47.371461Z,0.45,45,yes,61d29825-92d5-5581-931e-76313101d7fa
KXCSGOGAME-MOUVIT825-MOU,2025-11-08T09:03:35.921017Z,0.44,1,no,dfd85d49-c1da-5f0d-2a3f-0e837a190a7b
KXCSGOGAME-MOUVIT825-MOU,2025-11-08T09:03:20.263953Z,0.44,79,no,8e627dec-b236-4121-cb3e-5cbe2085910b
KXCSGOGAME-MOUVIT825-MOU,2025-11-08T09:01:33.275593Z,0.44,38,yes,c6ed7c86-e4dc-7e8a-7730-f3efa2fec838
KXCSGOGAME-MOUVIT825-MOU,2025-11-08T09:01:33.275593Z,0.46,10,yes,aa154bd0-99e5-790b-4320-54b555c52e79
KXCSGOGAME-MOUVIT825-MOU,2025-11-08T09:01:33.275593Z,0.45,59,yes,64137ceb-246d-74e0-7ead-05591e493109
KXCSGOGAME-MOUVIT825-MOU,2025-11-08T08:59:39.043561Z,0.44,43,yes,461ee35a-f97c-6106-1c20-21dd253a4038
KXCSGOGAME-MOUVIT825-MOU,2025-11-08T08:58:44.085754Z,0.45,5,yes,eb0c04f2-5565-4bbc-1b00-8f6a6a88e03d
KXCSGOGAME-MOUVIT825-MOU,2025-11-08T08:57:53.540334Z,0.45,36,yes,80e1a998-5da9-6758-e537-558300d4f1e9
KXCSGOGAME-MOUVIT825-MOU,2025-11-08T08:57:22.502161Z,0.41,11,no,c05e4733-a597-78c4-97e5-919ab0aea1ab
KXCSGOGAME-MOUVIT825-MOU,2025-11-08T08:57:15.430866Z,0.45,25,yes,95356c8b-b721-5d8c-4230-36bb874abfe1
KXCSGOGAME-MOUVIT825-MOU,2025-11-08T08:56:53.511354Z,0.41,134,no,ea0e43dc-2fbb-6ebc-6ef7-2ef7f6ec391f
KXCSGOGAME-MOUVIT825-MOU,2025-11-08T08:56:53.511354Z,0.42,25,no,b90b5dba-cedc-6a0b-513c-f58b0cd18dcd
KXCSGOGAME-MOUVIT825-MOU,2025-11-08T08:56:53.511354Z,0.44,100,no,a20a65c7-9cb7-6030-67dc-82eebd8b48d7
KXCSGOGAME-MOUVIT825-MOU,2025-11-08T08:54:02.473397Z,0.45,10,yes,88f912f5-5970-7512-9ba4-71250c26c5f2
KXCSGOGAME-MOUVIT825-MOU,2025-11-08T08:54:02.473397Z,0.46,32,yes,15a2deda-5ae8-715e-8d24-680f6a85d188
KXCSGOGAME-MOUVIT825-MOU,2025-11-08T08:53:32.237067Z,0.45,21,yes,b9bdb6fe-f714-7c36-11c8-122ec73b6e46
KXCSGOGAME-MOUVIT825-MOU,2025-11-08T08:53:23.09435Z,0.45,4,yes,9415278a-cc30-560e-1e9a-aa3f00af0aba
KXCSGOGAME-MOUVIT825-MOU,2025-11-08T08:50:40.851609Z,0.46,25,yes,e8f27bdc-b2e4-6a15-ea5c-b26ea0088389
KXCSGOGAME-MOUVIT825-MOU,2025-11-08T08:50:40.851609Z,0.47,77,yes,89b345f4-9221-6f3c-e0ce-61ce8fceff59
KXCSGOGAME-MOUVIT825-MOU,2025-11-08T08:50:18.743887Z,0.46,25,yes,82f2b42b-68fd-5d98-7923-fde7dab5cb68
KXCSGOGAME-MOUVIT825-MOU,2025-11-08T08:50:18.743887Z,0.47,322,yes,50b55c66-0d8d-5554-53fe-cdac977363b5
KXCSGOGAME-MOUVIT825-MOU,2025-11-08T08:49:57.200936Z,0.46,25,yes,fdf9e18b-421e-7040-a5a9-3ce5be74aea1
KXCSGOGAME-MOUVIT825-MOU,2025-11-08T08:49:57.200936Z,0.47,1,yes,4c8c6374-4421-7f3c-bd18-918a4e0af4d1
KXCSGOGAME-MOUVIT825-MOU,2025-11-08T08:49:18.368795Z,0.47,898,yes,3258e577-e19f-4dce-5ded-e8ca775e1a79
KXCSGOGAME-MOUVIT825-MOU,2025-11-08T08:48:49.135505Z,0.34,21,no,3416d3a2-2c19-4fdc-6425-00d0b88f364c
KXCSGOGAME-MOUVIT825-MOU,2025-11-08T08:47:47.224778Z,0.54,215,yes,ed41dfd0-e6c3-40b9-cfae-c98352efad03
KXCSGOGAME-MOUVIT825-MOU,2025-11-08T08:47:47.224778Z,0.37,648,yes,eb076617-506a-4a2e-f958-421e7fac02fc
KXCSGOGAME-MOUVIT825-MOU,2025-11-08T08:47:47.224778Z,0.59,280,yes,cdb9d66f-b3d2-4307-c555-403fcb04a660
KXCSGOGAME-MOUVIT825-MOU,2025-11-08T08:47:47.224778Z,0.5,308,yes,2a7ef6da-ec43-4f45-c36a-4a355ba43139
KXCSGOGAME-MOUVIT825-MOU,2025-11-08T08:47:05.002932Z,0.36,268,yes,f51c8947-6d7c-7f13-ee36-5a9700155707
KXCSGOGAME-MOUVIT825-MOU,2025-11-08T08:47:04.510007Z,0.36,401,yes,1eb814d6-cb44-53a7-1f11-f1b7d2c340f3
KXCSGOGAME-MOUVIT825-MOU,2025-11-08T08:47:03.717773Z,0.36,79,yes,f4c6aa83-3230-4ea3-96ce-3192a0a97dc3
KXCSGOGAME-MOUVIT825-MOU,2025-11-08T08:46:54.657357Z,0.36,132,yes,34ce7a8d-5f48-54c7-f288-36f049ab8c4b
KXCSGOGAME-MOUVIT825-MOU,2025-11-08T08:46:52.315843Z,0.36,53,yes,8fa51ea9-73dc-5b5f-03c4-76bf9c63f5d3
KXCSGOGAME-MOUVIT825-MOU,2025-11-08T08:46:34.126514Z,0.54,192,yes,b1f3d2fa-f96b-44dd-2f47-7e762e116d61
KXCSGOGAME-MOUVIT825-MOU,2025-11-08T08:46:34.126514Z,0.45,2,yes,966d0641-4175-458a-21f4-46ab68e35724
KXCSGOGAME-MOUVIT825-MOU,2025-11-08T08:46:34.126514Z,0.38,25,yes,7b5c9e38-8cec-40e6-2f60-d2937a3f242f
KXCSGOGAME-MOUVIT825-MOU,2025-11-08T08:46:34.126514Z,0.48,25,yes,6f3a970d-0cff-406a-1587-c98deed549f3
KXCSGOGAME-MOUVIT825-MOU,2025-11-08T08:46:34.126514Z,0.37,25,yes,36596601-c895-4c23-0d9e-18d5595b0604
KXCSGOGAME-MOUVIT825-MOU,2025-11-08T08:46:15.601544Z,0.35,160,yes,5b63716b-65eb-763a-d07d-1d64a04b9bba
KXCSGOGAME-MOUVIT825-MOU,2025-11-08T08:46:14.251262Z,0.35,35,yes,b7aa62cc-50c3-52ca-1211-1f646a142276
KXCSGOGAME-MOUVIT825-MOU,2025-11-08T08:46:11.556357Z,0.35,221,yes,06d7a120-de83-7f82-fa8b-648af4ddfa86
KXCSGOGAME-MOUVIT825-MOU,2025-11-08T08:45:51.373533Z,0.35,54,yes,8c778353-d3a7-601a-4810-16d70083a65e
KXCSGOGAME-MOUVIT825-MOU,2025-11-08T08:45:45.963194Z,0.35,100,yes,c7241779-7603-72d2-a1e5-d279880e6342
KXCSGOGAME-MOUVIT825-MOU,2025-11-08T08:45:45.655648Z,0.35,54,yes,a1ed7b96-558f-7e46-b8db-90f7da22ccc2
KXCSGOGAME-MOUVIT825-MOU,2025-11-08T08:45:10.446455Z,0.34,25,yes,fbfb6389-1449-59b5-40f8-53bb23a74a87
KXCSGOGAME-MOUVIT825-MOU,2025-11-08T08:45:10.446455Z,0.35,65,yes,9a9f1344-e99b-5c0e-566c-ffd340640dce
KXCSGOGAME-MOUVIT825-MOU,2025-11-08T08:44:15.524881Z,0.35,84,yes,65f12065-0093-5e9a-8dc4-ecb399d68de6
KXCSGOGAME-MOUVIT825-MOU,2025-11-08T08:44:15.524881Z,0.33,5,yes,202b6a54-9079-5b70-9fac-16aeb1757c34
KXCSGOGAME-MOUVIT825-MOU,2025-11-08T08:44:15.524881Z,0.32,1,yes,07fbc0ec-0bf3-5ccc-9271-f3b351b8aa5d
KXCSGOGAME-MOUVIT825-MOU,2025-11-08T08:44:12.702279Z,0.32,10,yes,5eda7177-f01b-6564-d44f-0d1aab3f381d
KXCSGOGAME-MOUVIT825-MOU,2025-11-08T08:44:11.372516Z,0.32,14,yes,71b6e13f-76cb-6814-f186-5a4509837c01
KXCSGOGAME-MOUVIT825-MOU,2025-11-08T08:43:38.752427Z,0.3,12,yes,e68a5b34-1ede-7d2b-6d23-fda227168304
KXCSGOGAME-MOUVIT825-MOU,2025-11-08T08:43:38.752427Z,0.33,3,yes,2713b712-37ad-70d8-7340-1c71baec2604
KXCSGOGAME-MOUVIT825-MOU,2025-11-08T08:41:14.714284Z,0.3,13,yes,9f227395-193a-5d2f-81ae-d5b1bec54cf8
KXCSGOGAME-MOUVIT825-MOU,2025-11-08T08:40:38.374534Z,0.16,111,no,c0850af0-c723-687c-83d9-9582cf2ccad4
KXCSGOGAME-MOUVIT825-MOU,2025-11-08T08:39:25.345785Z,0.26,25,yes,a90291c9-d731-5a17-f4e2-a1b85a174fd5
KXCSGOGAME-MOUVIT825-MOU,2025-11-08T08:38:46.892837Z,0.25,25,yes,01706ebe-cbb6-6192-ad3a-26cbb79021e3
KXCSGOGAME-MOUVIT825-MOU,2025-11-08T08:38:15.662965Z,0.38,33,yes,7b27ea48-c79b-7b4a-484c-2e087287588f
KXCSGOGAME-MOUVIT825-MOU,2025-11-08T08:38:15.662965Z,0.39,78,yes,156e859b-fe74-7f43-55b6-ec6286e377a6
KXCSGOGAME-MOUVIT825-MOU,2025-11-08T08:37:52.4261Z,0.34,40,yes,3ccd4ae9-0460-55eb-e710-d46db0c81b63
KXCSGOGAME-MOUVIT825-MOU,2025-11-08T08:36:13.139785Z,0.4,21,yes,7485d413-ec56-49e2-6c09-77dca5d1980e
KXCSGOGAME-MOUVIT825-MOU,2025-11-08T08:35:54.682918Z,0.31,14,no,7ec3fd71-f1b4-4dbd-64b7-50f182671dfa
KXCSGOGAME-MOUVIT825-MOU,2025-11-08T08:34:51.220468Z,0.43,258,yes,967d14b3-f132-735e-eb0c-3eb2b6e46397
KXCSGOGAME-MOUVIT825-MOU,2025-11-08T08:34:29.210927Z,0.43,55,yes,ab146cdc-cb0e-48be-4218-92ad7cdaad5b
KXCSGOGAME-MOUVIT825-MOU,2025-11-08T08:33:37.594945Z,0.32,25,no,804ef204-b02b-6098-570f-f8772e8a45ea
KXCSGOGAME-MOUVIT825-MOU,2025-11-08T08:33:37.594945Z,0.31,11,no,4b98ff17-9920-6b79-7dbd-53a6f4785366
KXCSGOGAME-MOUVIT825-MOU,2025-11-08T08:33:01.00635Z,0.36,25,yes,f3595312-feca-5b58-6d2b-b408c8199bf6
KXCSGOGAME-MOUVIT825-MOU,2025-11-08T08:33:01.00635Z,0.41,96,yes,597d0ad2-9862-5b56-5fbc-b81d04ffd218
KXCSGOGAME-MOUVIT825-MOU,2025-11-08T08:33:01.00635Z,0.34,7,yes,4d0372a5-372f-5aa3-54c6-e5ccf07f4bc6
KXCSGOGAME-MOUVIT825-MOU,2025-11-08T08:30:53.48086Z,0.31,25,yes,7e46ea22-ca07-62e0-2549-0e88e2cf159f
KXCSGOGAME-MOUVIT825-MOU,2025-11-08T08:30:53.48086Z,0.28,25,yes,05415619-a73a-65dc-0bf1-02a08d519326
KXCSGOGAME-MOUVIT825-MOU,2025-11-08T08:30:40.376822Z,0.27,25,yes,bc10b262-e803-73a2-5564-dee3a014c88f
KXCSGOGAME-MOUVIT825-MOU,2025-11-08T08:30:09.785514Z,0.26,25,yes,21f6ad3d-42ec-64cc-4365-c5c130e78ae8
KXCSGOGAME-MOUVIT825-MOU,2025-11-08T08:14:13.399897Z,0.13,8,no,91716b6a-a358-73a4-c227-0f3af4268edd
KXCSGOGAME-MOUVIT825-MOU,2025-11-08T08:13:16.384352Z,0.19,1,no,fe2c2ab7-6178-4ec4-04b6-37f1667ff695
KXCSGOGAME-MOUVIT825-MOU,2025-11-08T08:13:16.384352Z,0.25,24,no,e83b6379-64ac-42ea-0791-f2b7b052ab77
KXCSGOGAME-MOUVIT825-MOU,2025-11-08T08:13:16.384352Z,0.23,47,no,dff5e682-0bea-4b13-3f11-8606e7003e36
KXCSGOGAME-MOUVIT825-MOU,2025-11-08T08:13:16.384352Z,0.24,25,no,ce4a2d08-afd0-4971-33e9-9ecfd8fee6b0
KXCSGOGAME-MOUVIT825-MOU,2025-11-08T08:13:15.260066Z,0.26,25,no,6e7da6f4-d990-525a-4f60-acdbc950d101
KXCSGOGAME-MOUVIT825-MOU,2025-11-08T08:11:59.198817Z,0.29,53,no,c6f5cb47-3654-7841-fb71-3ad71b3f12b1
KXCSGOGAME-MOUVIT825-MOU,2025-11-08T08:11:59.167097Z,0.29,49,yes,0f3e9cc7-d369-731c-13ea-2de76daa0367
KXCSGOGAME-MOUVIT825-MOU,2025-11-08T08:11:57.70726Z,0.29,1,yes,29f1a84d-fe3c-68ca-cda4-cf5d4b7b5f4d
KXCSGOGAME-MOUVIT825-MOU,2025-11-08T08:11:47.667418Z,0.29,351,yes,2433337c-2f4c-7f75-285c-b3d63792e437
KXCSGOGAME-MOUVIT825-MOU,2025-11-08T08:10:26.491534Z,0.3,865,no,df535820-4d03-68a5-b6c9-7efea1367582
KXCSGOGAME-MOUVIT825-MOU,2025-11-08T08:10:14.308922Z,0.3,41,no,7cbf79f8-8a17-4cbd-6468-62674807c43a
KXCSGOGAME-MOUVIT825-MOU,2025-11-08T08:10:11.857535Z,0.3,200,no,91685920-972f-7881-e0be-362af529ecfe
KXCSGOGAME-MOUVIT825-MOU,2025-11-08T08:10:11.655172Z,0.3,325,no,2ebf81b7-4dbf-5a31-2a39-b2459559e15e
KXCSGOGAME-MOUVIT825-MOU,2025-11-08T08:09:49.075222Z,0.3,48,no,0619e606-7453-4045-eb97-26840652c972
KXCSGOGAME-MOUVIT825-MOU,2025-11-08T08:09:48.486203Z,0.32,25,yes,b8171d17-93a2-6b6c-ee3a-4773fd0af0bc
KXCSGOGAME-MOUVIT825-MOU,2025-11-08T08:09:48.486203Z,0.32,19,yes,7e97377a-5a3d-6ea5-e73c-fe733a79b18f
KXCSGOGAME-MOUVIT825-MOU,2025-11-08T08:09:46.926912Z,0.3,20,no,464190e2-8953-5dfd-e9a8-99684ae15fce
KXCSGOGAME-MOUVIT825-MOU,2025-11-08T08:09:22.159845Z,0.25,1,no,9bc6bc36-d598-628e-a4e4-2bb0d4fc3c43
KXCSGOGAME-MOUVIT825-MOU,2025-11-08T08:08:57.577406Z,0.32,25,yes,c82bdd78-21be-7c43-e8f1-d60929ed5a19
KXCSGOGAME-MOUVIT825-MOU,2025-11-08T08:08:57.577406Z,0.34,18,yes,b5be1c62-8f1f-7633-e7f6-bf6fe5ee65d2
KXCSGOGAME-MOUVIT825-MOU,2025-11-08T08:07:46.148943Z,0.23,46,no,992d0561-fcd2-79df-2bb7-ffcdc5429836
KXCSGOGAME-MOUVIT825-MOU,2025-11-08T08:07:41.821901Z,0.27,12,no,74ae84eb-c2b3-7711-9f51-3ecc42b30a07
KXCSGOGAME-MOUVIT825-MOU,2025-11-08T08:07:41.821901Z,0.28,25,no,5da964a2-a61c-74a7-9cd9-1dd38575fdc9
KXCSGOGAME-MOUVIT825-MOU,2025-11-08T08:07:41.821901Z,0.29,50,no,5cf43842-ce47-7986-8492-b268873c0d14
KXCSGOGAME-MOUVIT825-MOU,2025-11-08T08:07:41.821901Z,0.23,56,no,0fa92496-79b2-7e57-a2d5-0d685ea40db6
KXCSGOGAME-MOUVIT825-MOU,2025-11-08T08:06:08.27931Z,0.37,25,yes,8f1c280d-aaac-4612-3a89-473fe518e338
KXCSGOGAME-MOUVIT825-MOU,2025-11-08T08:06:08.27931Z,0.35,25,yes,383a62be-a4d8-40c7-0930-4a5594e7346f
KXCSGOGAME-MOUVIT825-MOU,2025-11-08T08:06:08.27931Z,0.4,2,yes,106a8a2e-6d64-497d-0317-12ac5a80bdf0
KXCSGOGAME-MOUVIT825-MOU,2025-11-08T08:04:14.827838Z,0.41,38,yes,1f626c05-d1ca-7ec2-1a2d-ec22823c6d8c
KXCSGOGAME-MOUVIT825-MOU,2025-11-08T08:04:14.827838Z,0.36,23,yes,0030dc29-c41c-704b-18bf-420d6523f3af
KXCSGOGAME-MOUVIT825-MOU,2025-11-08T08:04:12.159591Z,0.36,2,yes,af571445-caa4-7b83-afcf-63aa4e1f993b
KXCSGOGAME-MOUVIT825-MOU,2025-11-08T08:04:09.635991Z,0.27,13,no,ba678fff-134f-4a7d-aa93-b911c4423513
KXCSGOGAME-MOUVIT825-MOU,2025-11-08T08:03:09.938734Z,0.34,25,yes,9c4d2627-1071-57b3-05d5-5f98e6313f40
KXCSGOGAME-MOUVIT825-MOU,2025-11-08T08:03:09.938734Z,0.4,56,yes,660bd80e-aeaa-592e-329d-b99b4af806fc
KXCSGOGAME-MOUVIT825-MOU,2025-11-08T08:03:09.938734Z,0.35,69,yes,464aa076-a21a-5e46-3276-f9129c489386
KXCSGOGAME-MOUVIT825-MOU,2025-11-08T08:02:55.387805Z,0.35,27,yes,1265601f-b40a-7906-00ea-b2ee3f4906ee
KXCSGOGAME-MOUVIT825-MOU,2025-11-08T08:01:20.922081Z,0.23,44,no,7e911e81-4f9a-559f-be86-c29705224502
KXCSGOGAME-MOUVIT825-MOU,2025-11-08T08:01:20.922081Z,0.25,40,no,028c0c5f-7dde-5861-8316-0bf33a2db5f5
KXCSGOGAME-MOUVIT825-MOU,2025-11-08T08:00:43.294692Z,0.23,3,no,f013b47e-32d2-78df-cb21-b0c3f96a1c46
KXCSGOGAME-MOUVIT825-MOU,2025-11-08T08:00:43.294692Z,0.35,8,no,8e688114-2368-7ebd-ea4b-949bd86a3a58
KXCSGOGAME-MOUVIT825-MOU,2025-11-08T08:00:32.288436Z,0.35,1,no,c089b81d-1838-5865-e6f3-ae0603e1f4fc
KXCSGOGAME-MOUVIT825-MOU,2025-11-08T08:00:26.025911Z,0.35,11,no,26325ff3-e988-6eb9-c54c-40c48640d038
KXCSGOGAME-MOUVIT825-MOU,2025-11-08T07:59:11.454815Z,0.3,6,yes,fcf53cc0-367e-523a-9a16-fbb679d3f64f
KXCSGOGAME-MOUVIT825-MOU,2025-11-08T07:58:55.874728Z,0.3,14,yes,ab0a6422-9886-4eae-0ac9-9da6a3e00253
KXCSGOGAME-MOUVIT825-MOU,2025-11-08T07:58:55.874728Z,0.28,19,yes,8dcb3092-aa1c-4b23-0a19-be7bd60a168d
KXCSGOGAME-MOUVIT825-MOU,2025-11-08T07:58:43.065204Z,0.27,25,no,065f00a1-a966-49b0-0194-23b3e328cdf4
KXCSGOGAME-MOUVIT825-MOU,2025-11-08T07:58:42.912896Z,0.27,25,no,21c7fed0-413a-52d0-f114-5d08d06de2e0
KXCSGOGAME-MOUVIT825-MOU,2025-11-08T07:58:42.887515Z,0.27,15,yes,689ea9fc-b3d8-530b-a017-fed301589ad1
KXCSGOGAME-MOUVIT825-MOU,2025-11-08T07:56:57.690691Z,0.28,1,no,de48a121-2eda-48ee-882d-c8802b7a677a
KXCSGOGAME-MOUVIT825-MOU,2025-11-08T07:56:57.448354Z,0.28,3,no,a355d04f-78ce-6d56-ead4-01627036b976
KXCSGOGAME-MOUVIT825-MOU,2025-11-08T07:56:46.271507Z,0.28,15,no,dbda404e-5012-41ba-9f20-1d217f3458a2
KXCSGOGAME-MOUVIT825-MOU,2025-11-08T07:56:28.022544Z,0.3,10,no,edd5b306-ef77-527a-c928-af567845b7cc
KXCSGOGAME-MOUVIT825-MOU,2025-11-08T07:56:28.022544Z,0.28,36,no,9425a4c0-2802-5b8a-edb1-3eb1fef76c86
KXCSGOGAME-MOUVIT825-MOU,2025-11-08T07:55:58.411856Z,0.28,5,no,ead65040-b75a-625e-4847-8221871c1bfa
KXCSGOGAME-MOUVIT825-MOU,2025-11-08T07:54:57.095933Z,0.4,10,yes,ff904dc0-e88d-4ad5-7347-8892844fd164
KXCSGOGAME-MOUVIT825-MOU,2025-11-08T07:54:28.762253Z,0.4,10,yes,6a53a4ef-af51-672a-4cf9-6d53a0c46c89
KXCSGOGAME-MOUVIT825-MOU,2025-11-08T07:54:12.134355Z,0.28,63,no,ec0db0bb-00e6-697e-4dd1-e7d144b48cf6
KXCSGOGAME-MOUVIT825-MOU,2025-11-08T07:53:50.648418Z,0.28,27,no,218b4917-ae02-4b92-03a5-586af8252336
KXCSGOGAME-MOUVIT825-MOU,2025-11-08T07:52:59.806511Z,0.3,9,yes,27485e27-bc7e-4c49-3c70-cbd47491348b
KXCSGOGAME-MOUVIT825-MOU,2025-11-08T07:52:12.683724Z,0.3,206,yes,bb47a66b-2592-54fd-4f62-34161c5e6bf7
KXCSGOGAME-MOUVIT825-MOU,2025-11-08T07:51:53.536529Z,0.29,41,no,a2e8730b-cc6a-742e-3ac4-3cc894b106e2
KXCSGOGAME-MOUVIT825-MOU,2025-11-08T07:51:40.60116Z,0.29,248,no,5168d10a-cdce-62c2-dd12-1436203d59e2
KXCSGOGAME-MOUVIT825-MOU,2025-11-08T07:51:22.399674Z,0.3,79,yes,76abe4f1-6b16-4001-e3dd-5917ec712163
KXCSGOGAME-MOUVIT825-MOU,2025-11-08T07:50:50.112364Z,0.29,25,no,35c9d9d6-f896-7b2a-fde5-19f31b91347a
KXCSGOGAME-MOUVIT825-MOU,2025-11-08T07:50:48.407284Z,0.29,21,no,aadfde2d-5f52-4856-f0ee-e6f2a0000282
KXCSGOGAME-MOUVIT825-MOU,2025-11-08T07:50:48.407284Z,0.3,4,no,954fb6c9-eb2d-4ebd-e18d-d94ea9b2b337
KXCSGOGAME-MOUVIT825-MOU,2025-11-08T07:50:46.530768Z,0.29,15,no,dff890ef-c672-7b72-0621-3bc74960cdea
KXCSGOGAME-MOUVIT825-MOU,2025-11-08T07:50:46.530768Z,0.3,10,no,cc2ef6ed-91ed-78c1-307c-f4d7a88e8c47
KXCSGOGAME-MOUVIT825-MOU,2025-11-08T07:49:54.332358Z,0.4,11,yes,3f61f22c-143a-7419-678f-ba305129c92f
KXCSGOGAME-MOUVIT825-MOU,2025-11-08T07:49:41.192241Z,0.42,22,yes,0ae46be1-e32e-7d51-d6a6-b8363657f723
KXCSGOGAME-MOUVIT825-MOU,2025-11-08T07:49:26.724037Z,0.3,100,no,61372980-5b3d-7d7c-a4a4-0cc0d2d83fda
KXCSGOGAME-MOUVIT825-MOU,2025-11-08T07:48:48.47475Z,0.59,8,yes,e1417854-00a0-640c-51a5-51732da01399
KXCSGOGAME-MOUVIT825-MOU,2025-11-08T07:47:46.404153Z,0.44,1000,yes,cbd7cc7c-2f78-7344-b325-8a191dc6487c
KXCSGOGAME-MOUVIT825-MOU,2025-11-08T07:47:46.404153Z,0.65,63,yes,b6809222-51a3-756a-afab-81581a4c3e29
KXCSGOGAME-MOUVIT825-MOU,2025-11-08T07:47:46.404153Z,0.49,100,yes,b2cc09a3-f8fc-7101-a124-14440d1d5f26
KXCSGOGAME-MOUVIT825-MOU,2025-11-08T07:47:46.404153Z,0.46,24,yes,adc5e91d-b557-77a0-bea1-69ddee60740c
KXCSGOGAME-MOUVIT825-MOU,2025-11-08T07:47:46.404153Z,0.55,348,yes,a8770aa1-9104-7f8a-b0e3-ac8b022f902e
KXCSGOGAME-MOUVIT825-MOU,2025-11-08T07:47:46.404153Z,0.45,925,yes,935735f4-f547-79ee-999b-8c275a2d69b6
KXCSGOGAME-MOUVIT825-MOU,2025-11-08T07:47:46.404153Z,0.62,25,yes,333a0d99-aa8a-7c7e-ab45-5c89f605f79d
KXCSGOGAME-MOUVIT825-MOU,2025-11-08T07:47:46.404153Z,0.7,198,yes,0fb0530a-358b-77d7-bf92-beb3d65dce63
KXCSGOGAME-MOUVIT825-MOU,2025-11-08T07:44:49.264724Z,0.5,9,yes,22295f31-a3b7-4b3e-8c60-3de814b50352
KXCSGOGAME-MOUVIT825-MOU,2025-11-08T07:44:21.727404Z,0.41,100,yes,c1ecd987-1abb-55ae-1aaa-0c5f5bd2be1f
KXCSGOGAME-MOUVIT825-MOU,2025-11-08T07:44:21.727404Z,0.4,45,yes,b191dfdf-17ed-5eb2-1215-8d61b32bd5d5
KXCSGOGAME-MOUVIT825-MOU,2025-11-08T07:44:21.727404Z,0.5,209,yes,93d73162-5379-557d-26d0-840ec29db978
KXCSGOGAME-MOUVIT825-MOU,2025-11-08T07:44:21.727404Z,0.55,451,yes,751da8b2-6068-5276-1717-428216c1ad62
KXCSGOGAME-MOUVIT825-MOU,2025-11-08T07:44:21.727404Z,0.54,4,yes,384e3171-db31-5d93-20ce-ff754eb905ff
KXCSGOGAME-MOUVIT825-MOU,2025-11-08T07:44:21.727404Z,0.32,182,yes,26e961c8-ccc6-53de-2acf-43298704e583
KXCSGOGAME-MOUVIT825-MOU,2025-11-08T07:44:21.727404Z,0.47,2,yes,0930928a-c4bd-5924-33bc-32ad09a685fc
KXCSGOGAME-MOUVIT825-MOU,2025-11-08T07:41:50.602576Z,0.23,4,yes,1ae45aa2-a0ad-4b4b-d035-bfed57ab42de
KXCSGOGAME-MOUVIT825-MOU,2025-11-08T07:39:03.303044Z,0.21,62,yes,53031b07-1f31-6b4f-027d-c821ca1ad966
KXCSGOGAME-MOUVIT825-MOU,2025-11-08T07:39:03.303044Z,0.21,223,yes,048923c0-d4eb-69d9-0a74-5d7f5a2828aa
KXCSGOGAME-MOUVIT825-MOU,2025-11-08T07:38:49.120736Z,0.21,90,yes,957270a5-53ff-6005-937e-8025d5454d32
KXCSGOGAME-MOUVIT825-MOU,2025-11-08T07:38:37.30094Z,0.21,30,yes,2cd89c53-c5c3-6fd9-37d4-dd982d5026ee
KXCSGOGAME-MOUVIT825-MOU,2025-11-08T07:37:40.290783Z,0.21,45,yes,173f6c1b-e5d7-51f9-a718-90e1bc6eaa1a
KXCSGOGAME-MOUVIT825-MOU,2025-11-08T07:37:25.297112Z,0.21,12,yes,ce4e6f6c-a17b-7ed9-0ded-0409f0baae5a
KXCSGOGAME-MOUVIT825-MOU,2025-11-08T07:36:07.089955Z,0.24,19,yes,ae79994f-929f-6d75-6fc1-f62c6a03b552
KXCSGOGAME-MOUVIT825-MOU,2025-11-08T07:35:54.775073Z,0.24,311,yes,93a50d8e-b11f-57c9-b68f-94435cd3c5ca
KXCSGOGAME-MOUVIT825-MOU,2025-11-08T07:35:48.51193Z,0.15,125,no,97ea21ef-66fc-7b6b-0d03-943c694915da
KXCSGOGAME-MOUVIT825-MOU,2025-11-08T07:35:48.51193Z,0.14,166,no,2b044fe2-9e08-7480-34c7-d6b5198d345a
KXCSGOGAME-MOUVIT825-MOU,2025-11-08T07:35:41.264333Z,0.22,89,yes,e37b3984-d3cf-7630-5791-bb7a70c5a681
KXCSGOGAME-MOUVIT825-MOU,2025-11-08T07:35:41.264333Z,0.23,77,yes,3254ce17-a121-7dd5-5142-4560fec325d1
KXCSGOGAME-MOUVIT825-MOU,2025-11-08T07:35:41.264333Z,0.24,34,yes,144aaef3-38a3-7d8d-5e49-bc51312909ea
KXCSGOGAME-MOUVIT825-MOU,2025-11-08T07:35:36.837287Z,0.22,99,yes,bee09335-b013-5078-8eda-c8856598fe65
KXCSGOGAME-MOUVIT825-MOU,2025-11-08T07:35:13.102709Z,0.23,206,yes,583e4463-fa29-66d5-4d91-29c92abec8c5
KXCSGOGAME-MOUVIT825-MOU,2025-11-08T07:35:05.126487Z,0.23,17,yes,1f27b243-e395-5731-55f9-4db2327c1169
KXCSGOGAME-MOUVIT825-MOU,2025-11-08T07:35:00.11498Z,0.24,195,yes,870a91ba-cbe3-6be5-c61f-f07e05a631ca
KXCSGOGAME-MOUVIT825-MOU,2025-11-08T07:34:40.361462Z,0.16,42,no,a8303f5c-add0-7e5f-8121-4ef9ae30d99f
KXCSGOGAME-MOUVIT825-MOU,2025-11-08T07:34:14.327066Z,0.25,3,yes,2fe0dcb6-895a-49b3-9952-d0c41a6213d9
KXCSGOGAME-MOUVIT825-MOU,2025-11-08T07:33:55.057867Z,0.25,100,yes,cb90c9d9-0afa-619f-c9da-8e422b4b8215
KXCSGOGAME-MOUVIT825-MOU,2025-11-08T07:33:26.301649Z,0.25,3,yes,e7599a7a-16b3-4e31-e520-eed16ea68346
KXCSGOGAME-MOUVIT825-MOU,2025-11-08T07:33:19.365441Z,0.25,38,yes,4f7d3d8f-e857-7045-daf8-da0e13c13cb6
KXCSGOGAME-MOUVIT825-MOU,2025-11-08T07:32:10.293393Z,0.24,45,yes,daa6205d-87ce-6832-10ae-264c5a707808
KXCSGOGAME-MOUVIT825-MOU,2025-11-08T07:31:42.211928Z,0.15,370,no,ea41c854-b658-7093-b3a0-98de730e94fa
KXCSGOGAME-MOUVIT825-MOU,2025-11-08T07:31:20.004624Z,0.2,20,no,6c050104-3579-7c85-17a5-2f8a2c136a25
KXCSGOGAME-MOUVIT825-MOU,2025-11-08T07:31:20.004624Z,0.15,5,no,6a8b9d33-e338-7ae3-325b-d82fdfcc433e
KXCSGOGAME-MOUVIT825-MOU,2025-11-08T07:31:20.004624Z,0.2,5,no,68c9fe9b-7914-72d4-2fdf-d1cbfe7b27e2
KXCSGOGAME-MOUVIT825-MOU,2025-11-08T07:31:04.122358Z,0.2,10,no,61c01a18-45d0-4eac-2011-c25a9ff7ccd2
KXCSGOGAME-MOUVIT825-MOU,2025-11-08T07:30:28.224921Z,0.28,100,yes,1eace82e-d32c-4ee0-f848-e92ce20d9b22
KXCSGOGAME-MOUVIT825-MOU,2025-11-08T07:30:11.832379Z,0.28,100,yes,a51d266d-28d8-49ac-47d3-41d7cd091d8e
KXCSGOGAME-MOUVIT825-MOU,2025-11-08T07:30:06.60516Z,0.33,5,yes,73ec1372-5a4c-4da9-a220-022dbc82d16c
KXCSGOGAME-MOUVIT825-MOU,2025-11-08T07:29:44.306069Z,0.29,235,yes,db4e2215-f43c-7263-0d07-4afbff28fde0
KXCSGOGAME-MOUVIT825-MOU,2025-11-08T07:29:39.53663Z,0.29,65,yes,01674b42-6524-686b-9dcf-e30881e92ffc
KXCSGOGAME-MOUVIT825-MOU,2025-11-08T07:29:10.142886Z,0.35,13,yes,c29c14ef-7486-62ac-92a8-d80533109a6a
KXCSGOGAME-MOUVIT825-MOU,2025-11-08T07:28:58.612698Z,0.35,24,yes,34693395-0647-75ff-6734-6ea1175f5dda
KXCSGOGAME-MOUVIT825-MOU,2025-11-08T07:28:34.096649Z,0.36,100,yes,d93c1871-e3fa-74cd-5eb9-4cf64582c7a1
KXCSGOGAME-MOUVIT825-MOU,2025-11-08T07:28:34.081583Z,0.24,10,no,cae69b39-4454-59f4-554a-81942a99e8ae
KXCSGOGAME-MOUVIT825-MOU,2025-11-08T07:28:34.081583Z,0.15,10,no,8f5d7414-88c5-5219-6b3d-038eae816bd9
KXCSGOGAME-MOUVIT825-MOU,2025-11-08T07:28:34.081583Z,0.12,78,no,4acc17cb-7571-5166-66ed-cd6a76c79811
KXCSGOGAME-MOUVIT825-MOU,2025-11-08T07:28:31.944253Z,0.36,13,yes,e71178f0-a56e-40e5-fee8-b2824720a415
KXCSGOGAME-MOUVIT825-MOU,2025-11-08T07:28:21.777026Z,0.36,100,yes,74a97903-2946-5ff1-a9c6-20dd818607b1
KXCSGOGAME-MOUVIT825-MOU,2025-11-08T07:28:12.839578Z,0.3,10,no,d64924f1-13f4-7049-d0ac-9fd8bc515afe
KXCSGOGAME-MOUVIT825-MOU,2025-11-08T07:28:12.839578Z,0.3,12,no,c3173848-962c-7f52-da5a-b09e3c441c45
KXCSGOGAME-MOUVIT825-MOU,2025-11-08T07:28:02.385539Z,0.3,38,no,7c07178a-2d18-4f92-2e43-b0798e77f741
KXCSGOGAME-MOUVIT825-MOU,2025-11-08T07:27:53.263612Z,0.3,9,no,a5e80d36-afa9-5b9a-b7bb-3ff43f025696
KXCSGOGAME-MOUVIT825-MOU,2025-11-08T07:27:53.263612Z,0.26,46,no,6b7b904a-76ef-5596-ae24-b2867ce0f3e5
KXCSGOGAME-MOUVIT825-MOU,2025-11-08T07:27:48.069917Z,0.3,2,no,bcbe7f0b-5dfd-58ae-9830-74420a20bdde
KXCSGOGAME-MOUVIT825-MOU,2025-11-08T07:27:26.165837Z,0.31,2,no,8396a5db-d85f-5da6-5dcc-0d6fdc0362dd
KXCSGOGAME-MOUVIT825-MOU,2025-11-08T07:27:25.85442Z,0.44,21,yes,28dd8230-2b3d-5b5e-7cf4-ab4854aa9b8d
KXCSGOGAME-MOUVIT825-MOU,2025-11-08T07:27:25.85442Z,0.4,96,yes,11a8e3a6-fe25-50d2-45ef-43e338cb4e63
KXCSGOGAME-MOUVIT825-MOU,2025-11-08T07:27:05.308973Z,0.4,204,yes,60d2cb84-9cbd-795a-7f10-79ab37737e23
KXCSGOGAME-MOUVIT825-MOU,2025-11-08T07:26:37.34972Z,0.38,160,yes,ab4cde66-1827-5344-ad12-cf0dd7c3cea7
KXCSGOGAME-MOUVIT825-MOU,2025-11-08T07:26:28.388718Z,0.38,35,yes,8aedb4d6-2d23-768c-e544-65e5e748a9cf
KXCSGOGAME-MOUVIT825-MOU,2025-11-08T07:26:26.493622Z,0.38,5,yes,c21de0f3-b5e7-6470-2d67-1b3e4c74a66b
KXCSGOGAME-MOUVIT825-MOU,2025-11-08T07:26:26.152306Z,0.38,100,no,f30ddbe2-27fe-68ee-66d8-670c30d46b2e
KXCSGOGAME-MOUVIT825-MOU,2025-11-08T07:26:09.632253Z,0.44,100,yes,30104cfb-cb45-5d7e-63d3-0d71df70eb75
KXCSGOGAME-MOUVIT825-MOU,2025-11-08T07:25:16.274801Z,0.49,29,yes,d2f9ac83-9ab3-6e03-bb18-f95b6e20283b
KXCSGOGAME-MOUVIT825-MOU,2025-11-08T07:25:13.533992Z,0.5,2,no,507f7e9a-bbe6-5592-9d8d-09a026a266d4
KXCSGOGAME-MOUVIT825-MOU,2025-11-08T07:25:01.140275Z,0.5,3,no,87ff32c9-d736-7152-4d22-e2e0aebeeac4
KXCSGOGAME-MOUVIT825-MOU,2025-11-08T07:24:10.614239Z,0.49,29,no,31e9e5f0-035b-777a-243f-f9d008cc6c2c
KXCSGOGAME-MOUVIT825-MOU,2025-11-08T07:23:25.671616Z,0.54,115,no,f6235f8f-32c3-65ae-4b66-342a02db0bf8
KXCSGOGAME-MOUVIT825-MOU,2025-11-08T07:23:25.671616Z,0.55,30,no,01a71327-1fe7-6c89-7507-fe55301792fa
KXCSGOGAME-MOUVIT825-MOU,2025-11-08T07:23:19.288906Z,0.57,25,no,a59fd5d2-f9c3-6b5a-3b77-56cff6049bb1
KXCSGOGAME-MOUVIT825-MOU,2025-11-08T07:21:42.537025Z,0.63,30,yes,39b1ee2a-b965-5ac0-28b9-93fca4ade49f
KXCSGOGAME-MOUVIT825-MOU,2025-11-08T07:21:40.407237Z,0.56,208,no,ca04fa09-307c-4d51-80f9-7be472c2abe4
KXCSGOGAME-MOUVIT825-MOU,2025-11-08T07:21:40.407237Z,0.59,100,no,c6e06487-ea9f-4832-b31b-56aabdcfecc3
KXCSGOGAME-MOUVIT825-MOU,2025-11-08T07:21:40.407237Z,0.6,5,no,585ff58d-0d55-4be1-9c1d-6e9a410b031e
KXCSGOGAME-MOUVIT825-MOU,2025-11-08T07:21:40.407237Z,0.58,300,no,161006c7-c885-4631-afe9-d6f89cc83b22
KXCSGOGAME-MOUVIT825-MOU,2025-11-08T07:21:33.449759Z,0.61,25,no,cb2036fa-dc62-555e-c7b0-1964476231bf
KXCSGOGAME-MOUVIT825-MOU,2025-11-08T07:21:21.35097Z,0.64,100,yes,8bef66d1-7679-7157-0d6a-b07bde68c28c
KXCSGOGAME-MOUVIT825-MOU,2025-11-08T07:20:03.205632Z,0.66,250,yes,90c4db71-a33b-6f15-e507-56f339b385a0
KXCSGOGAME-MOUVIT825-MOU,2025-11-08T07:18:53.055753Z,0.62,27,no,251cfe4b-6f02-4f79-e4ef-759782bba656
KXCSGOGAME-MOUVIT825-MOU,2025-11-08T07:16:55.368914Z,0.67,29,yes,451a8413-9e92-4f7b-0db4-6744838b3e74
KXCSGOGAME-MOUVIT825-MOU,2025-11-08T07:16:40.485572Z,0.62,41,no,e9707b0d-92d2-5645-2934-6bd590ed5f76
KXCSGOGAME-MOUVIT825-MOU,2025-11-08T07:16:33.924876Z,0.62,12,no,58649409-a456-6301-68b6-3711e9b87c3a
KXCSGOGAME-MOUVIT825-MOU,2025-11-08T07:16:06.190667Z,0.68,8,yes,96288e36-3beb-6126-2f1f-815404183aab
KXCSGOGAME-MOUVIT825-MOU,2025-11-08T07:16:04.372413Z,0.62,20,no,9374949d-c03e-7a99-e154-53ff27822cbe
KXCSGOGAME-MOUVIT825-MOU,2025-11-08T07:14:35.535445Z,0.68,7,yes,3a2fd238-5b9f-6ada-c064-744ae7839587
KXCSGOGAME-MOUVIT825-MOU,2025-11-08T07:14:05.575818Z,0.62,7,no,4a4b2191-a52a-5d49-598f-86c7d6fad6a2
KXCSGOGAME-MOUVIT825-MOU,2025-11-08T07:13:00.052507Z,0.71,177,yes,a1e085f6-5d47-6d6f-46e6-e0d914ac422b
KXCSGOGAME-MOUVIT825-MOU,2025-11-08T07:13:00.052507Z,0.68,193,yes,03564814-fd44-69b4-6037-d7057eb7c7b1
KXCSGOGAME-MOUVIT825-MOU,2025-11-08T07:12:18.841969Z,0.68,107,yes,217b58f4-0e34-6160-4bd4-6ff419c8a149
KXCSGOGAME-MOUVIT825-MOU,2025-11-08T07:10:43.44908Z,0.64,53,no,63ac2d49-2751-5432-24ed-8fd3a2822a5c
KXCSGOGAME-MOUVIT825-MOU,2025-11-08T07:10:08.164536Z,0.7,6,yes,7f0768cd-daff-750b-600e-f04ab8ba03df
KXCSGOGAME-MOUVIT825-MOU,2025-11-08T07:09:18.80425Z,0.71,1,yes,b5fd380e-5bec-6a08-cdf2-3f141b48f67c
KXCSGOGAME-MOUVIT825-MOU,2025-11-08T07:09:08.264387Z,0.63,25,no,0cebf022-da4e-46d2-7cd5-704e59006621
KXCSGOGAME-MOUVIT825-MOU,2025-11-08T07:08:43.294439Z,0.71,21,yes,cef16674-8c54-59dc-59ea-34b55c7f9116
KXCSGOGAME-MOUVIT825-MOU,2025-11-08T07:08:43.294439Z,0.71,46,yes,a65c8dc0-c49c-5e7c-7697-cc2b304b9de8
KXCSGOGAME-MOUVIT825-MOU,2025-11-08T07:08:32.198064Z,0.71,8,yes,c61bdc9a-f888-734c-deb1-ca5799876b22
KXCSGOGAME-MOUVIT825-MOU,2025-11-08T07:07:55.740516Z,0.71,20,yes,e705ed48-d0ac-6288-fcee-5be015ee02be
KXCSGOGAME-MOUVIT825-MOU,2025-11-08T07:07:28.382097Z,0.71,27,yes,956129a3-3464-5a3c-bbd1-d0869cf30366
KXCSGOGAME-MOUVIT825-MOU,2025-11-08T07:07:26.302895Z,0.71,95,yes,4960038e-95b4-453c-1adf-1ce3bb31f6ca
KXCSGOGAME-MOUVIT825-MOU,2025-11-08T07:07:17.132603Z,0.71,55,yes,1034815b-1d9c-6954-6b75-d196db0b002e
KXCSGOGAME-MOUVIT825-MOU,2025-11-08T07:06:55.342831Z,0.7,25,yes,1d1b6ab1-58eb-537f-75fe-5e5ad29f89bc
KXCSGOGAME-MOUVIT825-MOU,2025-11-08T07:06:37.136482Z,0.71,74,yes,86ed204b-1318-4504-8209-f59862ec88de
KXCSGOGAME-MOUVIT825-MOU,2025-11-08T07:06:37.136482Z,0.68,23,yes,3ad74d7c-7f0f-4ffb-b0eb-3f22ecbe7f51
KXCSGOGAME-MOUVIT825-MOU,2025-11-08T07:06:08.305008Z,0.67,25,yes,8659964d-a8cd-7519-90ff-122fb1b3352f
KXCSGOGAME-MOUVIT825-MOU,2025-11-08T07:04:59.314148Z,0.65,5,yes,a0acd08c-f3f3-750f-24d3-cb9ca1c01735
KXCSGOGAME-MOUVIT825-MOU,2025-11-08T07:04:41.294474Z,0.65,6,yes,0fdbf71c-0657-700b-397d-c1181c693a69
KXCSGOGAME-MOUVIT825-MOU,2025-11-08T07:04:40.297952Z,0.65,88,yes,37b39be7-eebb-4e53-7616-10d122c38fed
KXCSGOGAME-MOUVIT825-MOU,2025-11-08T07:04:28.306545Z,0.65,1,yes,ca97d19d-cea7-4617-49e2-a192c270a45d
KXCSGOGAME-MOUVIT825-MOU,2025-11-08T07:03:52.299279Z,0.64,10,yes,55f9c88a-2b2e-4d69-40ef-db4b222efc26
KXCSGOGAME-MOUVIT825-MOU,2025-11-08T07:03:42.821911Z,0.64,6,yes,a965af0c-45ca-6161-35c4-18b71cc32ea2
KXCSGOGAME-MOUVIT825-MOU,2025-11-08T07:03:29.408343Z,0.64,1,yes,825b3d2a-64e2-6ec9-5b9a-2ec8433eced6
KXCSGOGAME-MOUVIT825-MOU,2025-11-08T07:02:53.276132Z,0.63,18,yes,553e7186-c3c3-42d4-9c3c-3496731dd35d
KXCSGOGAME-MOUVIT825-MOU,2025-11-08T07:02:53.276132Z,0.6,12,yes,4fc33d53-329e-469c-8c89-06087107d0a7
KXCSGOGAME-MOUVIT825-MOU,2025-11-08T07:02:53.276132Z,0.59,1,yes,22c2cd3d-cf73-470f-b4bf-e54739f6cb37
KXCSGOGAME-MOUVIT825-MOU,2025-11-08T07:02:43.607179Z,0.58,308,yes,ff69d45d-8a84-63a7-aade-76b3f6dd1c36
KXCSGOGAME-MOUVIT825-MOU,2025-11-08T07:02:43.607179Z,0.58,107,yes,06656634-a1eb-65a7-99c3-5c022d1f480b
KXCSGOGAME-MOUVIT825-MOU,2025-11-08T07:02:43.300115Z,0.58,10,yes,edec3b00-4f30-7f0b-dd43-32eefc6c6702
KXCSGOGAME-MOUVIT825-MOU,2025-11-08T07:02:13.304637Z,0.59,2490,yes,3a705d5a-f353-50d9-3f36-c3d216455bba
KXCSGOGAME-MOUVIT825-MOU,2025-11-08T07:01:46.873884Z,0.59,259,yes,3c88ef0f-b0c3-4625-d57f-d8a87ba7c14e
KXCSGOGAME-MOUVIT825-MOU,2025-11-08T07:01:16.865627Z,0.6,8,yes,d1d37c98-7c92-6714-f2f5-b1c6e04be603
KXCSGOGAME-MOUVIT825-MOU,2025-11-08T07:01:06.321968Z,0.58,255,yes,43827cef-c330-6b4b-d9c2-f96737dcc3ad
KXCSGOGAME-MOUVIT825-MOU,2025-11-08T07:00:51.916892Z,0.58,41,yes,36880279-4bd8-7dab-a178-fb2fa4793311
KXCSGOGAME-MOUVIT825-MOU,2025-11-08T06:59:27.678886Z,0.67,4,yes,9e9642f2-c9b6-76ab-7b9d-4b2579dd9a74
KXCSGOGAME-MOUVIT825-MOU,2025-11-08T06:59:27.678886Z,0.68,2,yes,469fb2cf-340f-75c3-4135-d7c175ccb195
KXCSGOGAME-MOUVIT825-MOU,2025-11-08T06:58:18.194174Z,0.65,10,yes,dc82f751-baf1-6b8f-fdf0-b1abf44e7367
KXCSGOGAME-MOUVIT825-MOU,2025-11-08T06:58:18.194174Z,0.66,6,yes,be8531af-98d3-6dcb-d54e-7503cb7a1a22
KXCSGOGAME-MOUVIT825-MOU,2025-11-08T06:58:18.194174Z,0.74,182,yes,6ba98968-d364-6a07-d044-8c3c5b987302
KXCSGOGAME-MOUVIT825-MOU,2025-11-08T06:58:18.194174Z,0.69,121,yes,576087cf-c1aa-6e0d-ed86-4484d0731c7c
KXCSGOGAME-MOUVIT825-MOU,2025-11-08T06:58:18.194174Z,0.65,12,yes,0c1a46c9-7521-61fa-dc9e-95f5ef9e4acb
KXCSGOGAME-MOUVIT825-MOU,2025-11-08T06:58:15.212241Z,0.5,6,no,a5f7b757-35f1-57d6-651a-a311fbd88506
KXCSGOGAME-MOUVIT825-MOU,2025-11-08T06:58:15.212241Z,0.51,10,no,564a09b6-0e92-56df-73cb-3699c9b71459
KXCSGOGAME-MOUVIT825-MOU,2025-11-08T06:56:53.166848Z,0.5,255,no,03184611-3d29-4df6-ccf5-c7b0cb132ffe
KXCSGOGAME-MOUVIT825-MOU,2025-11-08T06:56:49.051861Z,0.66,29,yes,9aacf521-337f-6b2b-3e34-f864e1870712
KXCSGOGAME-MOUVIT825-MOU,2025-11-08T06:56:41.103571Z,0.5,38,no,97446cc8-0f61-52ba-e6a8-9b57bdef2532
KXCSGOGAME-MOUVIT825-MOU,2025-11-08T06:56:05.547086Z,0.68,30,yes,395ab7c9-5fe6-7ce1-8d19-ae430e0d931c
KXCSGOGAME-MOUVIT825-MOU,2025-11-08T06:54:47.423391Z,0.67,145,yes,4f5ed741-864b-5927-75ce-9451bac898a7
KXCSGOGAME-MOUVIT825-MOU,2025-11-08T06:54:22.310565Z,0.65,5,yes,9078973c-10de-6774-e824-8636e1b20d05
KXCSGOGAME-MOUVIT825-MOU,2025-11-08T06:54:22.310565Z,0.67,247,yes,7aa44675-ae8f-6b33-e3fb-b92bd505b4df
KXCSGOGAME-MOUVIT825-MOU,2025-11-08T06:54:22.310565Z,0.66,39,yes,480cfeff-8933-69b9-f7cc-4e6ce3c512da
KXCSGOGAME-MOUVIT825-MOU,2025-11-08T06:54:07.160433Z,0.6,16,no,853a27b0-91bb-4b0b-ff44-7d2ca1008383
KXCSGOGAME-MOUVIT825-MOU,2025-11-08T06:52:16.587464Z,0.65,9,yes,9e18ec88-5592-6444-0173-4d137fc841c5
KXCSGOGAME-MOUVIT825-MOU,2025-11-08T06:50:09.802165Z,0.65,36,yes,f1cca451-178e-4880-4068-5fa94bec6a99
KXCSGOGAME-MOUVIT825-MOU,2025-11-08T06:49:32.336689Z,0.46,10,no,ce15adbd-8b96-5a6b-7cc0-4fa0d1fa11c4
KXCSGOGAME-MOUVIT825-MOU,2025-11-08T06:49:32.336689Z,0.43,55,no,72a74650-2df2-5279-758d-f163215a802c
KXCSGOGAME-MOUVIT825-MOU,2025-11-08T06:49:32.336689Z,0.45,21,no,1ab57713-5672-596e-7b6e-45cda1bb1caf
KXCSGOGAME-MOUVIT825-MOU,2025-11-08T06:49:08.833705Z,0.66,8,yes,5c2bb4b1-f23f-5b45-6d0f-b264087f1d46
KXCSGOGAME-MOUVIT825-MOU,2025-11-08T06:49:04.637524Z,0.45,11,no,890ac306-5f02-638e-5439-d94e62fb8a9f
KXCSGOGAME-MOUVIT825-MOU,2025-11-08T06:48:58.678866Z,0.45,15,no,72a8eb12-66fa-495e-3acb-ee59a84be20f
KXCSGOGAME-MOUVIT825-MOU,2025-11-08T06:47:17.967716Z,0.68,35,yes,a5a3d1ea-3a13-4382-ab4b-c9aef5ed3f30
KXCSGOGAME-MOUVIT825-MOU,2025-11-08T06:47:00.908996Z,0.68,143,yes,ab205dff-eb4d-4cdb-df84-31cbb84b156e
KXCSGOGAME-MOUVIT825-MOU,2025-11-08T06:46:22.109014Z,0.68,50,yes,ee49fa25-3c95-7798-9bae-6e3d928e3a41
KXCSGOGAME-MOUVIT825-MOU,2025-11-08T06:46:11.14744Z,0.65,25,yes,e69b9698-b767-69de-091a-3a5b6e31c82b
KXCSGOGAME-MOUVIT825-MOU,2025-11-08T06:46:11.14744Z,0.67,50,yes,66244c10-e7d7-66e5-239b-90c5218c730f
KXCSGOGAME-MOUVIT825-MOU,2025-11-08T06:46:11.14744Z,0.62,478,yes,0ddd56fe-dbcf-64fa-22cb-1d40749fc353
KXCSGOGAME-MOUVIT825-MOU,2025-11-08T06:46:11.14744Z,0.63,20,yes,0c22309c-f475-63e3-248b-bb3f5cb46ebd
KXCSGOGAME-MOUVIT825-MOU,2025-11-08T06:46:11.14744Z,0.69,541,yes,056726cd-c3da-6dd9-16fd-8b6c0ace8560
KXCSGOGAME-MOUVIT825-MOU,2025-11-08T06:45:55.021462Z,0.62,22,yes,fd541a14-6f1b-4036-9e54-5f6c7ffea353
KXCSGOGAME-MOUVIT825-MOU,2025-11-08T06:45:55.021462Z,0.59,5,yes,d06e7053-920a-4800-b4f5-068e49c27e58
KXCSGOGAME-MOUVIT825-MOU,2025-11-08T06:45:55.021462Z,0.57,13,yes,762f1ed8-1f77-4d1b-8574-b5b404c5e543
KXCSGOGAME-MOUVIT825-MOU,2025-11-08T06:45:55.021462Z,0.56,2,yes,7533d61f-f7ac-4e52-8f71-584da0ade03c
KXCSGOGAME-MOUVIT825-MOU,2025-11-08T06:45:51.30108Z,0.56,8,yes,a7157e9d-8c60-797e-467a-9fda1ed315d0
KXCSGOGAME-MOUVIT825-MOU,2025-11-08T06:45:43.30906Z,0.57,16,yes,d5482940-b86b-66bf-3690-18ed8551991f
KXCSGOGAME-MOUVIT825-MOU,2025-11-08T06:45:41.974322Z,0.57,5,yes,5c2f799d-00bf-461f-f749-a7da951a0cff
KXCSGOGAME-MOUVIT825-MOU,2025-11-08T06:44:32.53828Z,0.57,17,yes,9051077b-7553-6fef-b0e1-f7c97047909f
KXCSGOGAME-MOUVIT825-MOU,2025-11-08T06:44:19.548868Z,0.57,8,yes,4f15735b-3d0b-7607-f587-a20deae0530f
KXCSGOGAME-MOUVIT825-MOU,2025-11-08T06:42:01.855539Z,0.36,12,no,8e51a0ae-c597-76ab-e5b4-b29c076122b1
KXCSGOGAME-MOUVIT825-MOU,2025-11-08T06:41:59.475262Z,0.57,4,yes,9b2bbafb-8590-6e07-8110-b59f8d759ac2
KXCSGOGAME-MOUVIT825-MOU,2025-11-08T06:41:59.475262Z,0.57,6,yes,8fd6b4e9-df25-6116-b938-11aec3d18a57
KXCSGOGAME-MOUVIT825-MOU,2025-11-08T06:41:28.678122Z,0.36,76,no,5b25a00b-6b17-443b-6640-b689767b6d15
KXCSGOGAME-MOUVIT825-MOU,2025-11-08T06:40:43.636242Z,0.57,8,yes,cfd294f2-fbd5-437a-9f26-f9d221129853
KXCSGOGAME-MOUVIT825-MOU,2025-11-08T06:40:32.214013Z,0.55,10,yes,823b83af-02ae-47cf-d269-0b4a0528bec9
KXCSGOGAME-MOUVIT825-MOU,2025-11-08T06:40:32.214013Z,0.54,1,yes,5f35392f-8b75-4a40-f814-e13af0330ca3
KXCSGOGAME-MOUVIT825-MOU,2025-11-08T06:40:32.214013Z,0.57,1,yes,484352c3-4241-41e2-e136-f0fc384224eb
KXCSGOGAME-MOUVIT825-MOU,2025-11-08T06:39:36.28484Z,0.54,248,yes,a6f1e61e-d559-701c-3fec-39d15ed7c063
KXCSGOGAME-MOUVIT825-MOU,2025-11-08T06:39:31.308263Z,0.54,1,yes,717ee1bf-7d59-650c-9396-5a5decb5408f
KXCSGOGAME-MOUVIT825-MOU,2025-11-08T06:39:27.167123Z,0.54,59,yes,96bb8a4e-2471-4f58-d63b-034ba2750077
KXCSGOGAME-MOUVIT825-MOU,2025-11-08T06:38:28.449974Z,0.54,35,yes,477c2b5e-f459-781c-9e22-cefac5e7a0bf
KXCSGOGAME-MOUVIT825-MOU,2025-11-08T06:38:24.837946Z,0.54,12,yes,cc6b6bf5-6c71-42dc-6251-1c9ef855eabf
KXCSGOGAME-MOUVIT825-MOU,2025-11-08T06:38:07.313103Z,0.54,60,yes,8ed0ffe8-d96d-6b70-55cb-7513f2098cf3
KXCSGOGAME-MOUVIT825-MOU,2025-11-08T06:36:48.696611Z,0.54,35,yes,18b66bc3-abd9-5d28-0604-773e8701629b
KXCSGOGAME-MOUVIT825-MOU,2025-11-08T06:36:31.231222Z,0.54,16,yes,88140e89-ef35-7094-8759-83806029db57
KXCSGOGAME-MOUVIT825-MOU,2025-11-08T06:35:56.229657Z,0.54,33,yes,e893a1b8-e90d-4de8-e84b-f43c62665a4f
KXCSGOGAME-MOUVIT825-MOU,2025-11-08T06:35:56.229657Z,0.53,1,yes,b73a1d50-3da0-4477-f6f8-f9c614bb10e0
KXCSGOGAME-MOUVIT825-MOU,2025-11-08T06:35:56.229657Z,0.52,1,yes,2a020fe0-9c24-40f7-e2d9-5cd18ac2e23e
KXCSGOGAME-MOUVIT825-MOU,2025-11-08T06:35:20.243324Z,0.34,2,no,e4e2c867-b475-7daf-babf-308f63eea069
KXCSGOGAME-MOUVIT825-MOU,2025-11-08T06:35:18.185493Z,0.53,4,yes,d17685b6-7fd4-7d7f-c0f3-b361e80b26e0
KXCSGOGAME-MOUVIT825-MOU,2025-11-08T06:35:18.185493Z,0.51,5,yes,b4b01fee-35f2-7e4d-ca14-161a9d30ff7f
KXCSGOGAME-MOUVIT825-MOU,2025-11-08T06:35:05.729341Z,0.34,6,no,928bcdb5-6cb2-6725-62f8-3d6a631dbcf9
KXCSGOGAME-MOUVIT825-MOU,2025-11-08T06:35:03.102377Z,0.33,1,no,845d998e-5569-51af-6454-6e77a51ffaeb
KXCSGOGAME-MOUVIT825-MOU,2025-11-08T06:35:03.102377Z,0.34,2,no,3bfbb770-1ecf-5259-5119-a7e69194bebd
KXCSGOGAME-MOUVIT825-MOU,2025-11-08T06:34:00.632188Z,0.41,4,yes,da5c7162-f637-66d7-60c8-54bedce49190
KXCSGOGAME-MOUVIT825-MOU,2025-11-08T06:34:00.632188Z,0.6,24,yes,cd616654-7f42-65f1-48ea-e4c917cd02f0
KXCSGOGAME-MOUVIT825-MOU,2025-11-08T06:34:00.632188Z,0.4,25,yes,cd1c7acb-48a5-62fd-411d-b03e6639de1a
KXCSGOGAME-MOUVIT825-MOU,2025-11-08T06:34:00.632188Z,0.66,45,yes,c7332565-64a0-67e4-6330-b14cfc3462f7
KXCSGOGAME-MOUVIT825-MOU,2025-11-08T06:34:00.632188Z,0.67,6,yes,aabd5097-185a-6d0f-72ad-592533449629
KXCSGOGAME-MOUVIT825-MOU,2025-11-08T06:34:00.632188Z,0.69,338,yes,6264a87a-2892-6cc5-7674-53cf0446a71c
KXCSGOGAME-MOUVIT825-MOU,2025-11-08T06:33:40.266851Z,0.35,25,no,c0f23700-62b3-5a1d-6431-de6e05bb8c54
KXCSGOGAME-MOUVIT825-MOU,2025-11-08T06:33:40.266851Z,0.34,1,no,234d6c84-4a4f-5f99-5370-b5d6507983c9
KXCSGOGAME-MOUVIT825-MOU,2025-11-08T06:31:57.470445Z,0.41,210,yes,7ecadf34-5c3f-6ac7-e7d1-a5bd2e1249e8
KXCSGOGAME-MOUVIT825-MOU,2025-11-08T06:31:17.75341Z,0.39,25,yes,fa175a2f-c505-5bf0-cf8b-428a4c115a15
KXCSGOGAME-MOUVIT825-MOU,2025-11-08T06:31:17.75341Z,0.39,49,yes,31ea1252-8d16-58d4-ed34-f560619c6bdf
KXCSGOGAME-MOUVIT825-MOU,2025-11-08T06:30:36.192411Z,0.39,368,yes,6390cfd3-e062-72b4-f79a-6e121b7eb8fb
KXCSGOGAME-MOUVIT825-MOU,2025-11-08T06:29:46.452945Z,0.39,27,yes,71bd332b-753e-57d0-c1b6-cd44b86e8737
KXCSGOGAME-MOUVIT825-MOU,2025-11-08T06:28:08.706533Z,0.39,7,yes,fd09a26f-4a76-4a78-ba7f-c3ae1b4c82ff
KXCSGOGAME-MOUVIT825-MOU,2025-11-08T06:28:05.566627Z,0.39,49,yes,faf419ff-f4d2-7018-fb0b-6b730916abb7
KXCSGOGAME-MOUVIT825-MOU,2025-11-08T06:27:46.315701Z,0.35,25,no,9e2b0b4c-c531-5e47-1ab6-abe3cb49c15d
KXCSGOGAME-MOUVIT825-MOU,2025-11-08T06:27:46.315701Z,0.31,60,no,3f2b3c3a-dfd6-5c93-106c-93564dd15537
KXCSGOGAME-MOUVIT825-MOU,2025-11-08T06:27:14.376658Z,0.39,62,yes,9aeea45c-6e65-4e05-7f5b-4bdb6a3bbc26
KXCSGOGAME-MOUVIT825-MOU,2025-11-08T06:27:14.376658Z,0.4,23,yes,943a6279-8c96-4a80-53af-fec96cc68b13
KXCSGOGAME-MOUVIT825-MOU,2025-11-08T06:26:26.337328Z,0.39,36,yes,3694800e-85b5-6099-1a3f-5afe90a5fc16
KXCSGOGAME-MOUVIT825-MOU,2025-11-08T06:25:51.169545Z,0.39,7,yes,e53f76d6-c1e9-47fd-f29d-759a8f34e8be
KXCSGOGAME-MOUVIT825-MOU,2025-11-08T06:23:19.738695Z,0.39,37,yes,9f0fa0d3-329d-49e5-4fc9-a647f5167f82
KXCSGOGAME-MOUVIT825-MOU,2025-11-08T06:21:41.509262Z,0.39,49,yes,ed914d24-afb1-5a4d-0f6a-a0754bb012e6
KXCSGOGAME-MOUVIT825-MOU,2025-11-08T06:21:25.524099Z,0.39,7,yes,6d472ff3-7051-54ed-1fad-23fb2279fcba
KXCSGOGAME-MOUVIT825-MOU,2025-11-08T06:19:43.424397Z,0.39,24,yes,49b78627-49e9-7ed9-58e4-60087b01918a
KXCSGOGAME-MOUVIT825-MOU,2025-11-08T06:18:53.002804Z,0.39,239,yes,9f4807f0-ecb5-5bdd-b700-eec3b7595e72
KXCSGOGAME-MOUVIT825-MOU,2025-11-08T06:18:53.002804Z,0.38,25,yes,303010a7-3778-5992-bbc8-1e46baa9469d
KXCSGOGAME-MOUVIT825-MOU,2025-11-08T06:14:55.942615Z,0.39,245,yes,2655c397-3f91-4815-d110-79fedeb9967e
KXCSGOGAME-MOUVIT825-MOU,2025-11-08T06:12:33.723979Z,0.38,475,yes,4cb6fe1c-45e6-67ea-0812-796acb6f9980
KXCSGOGAME-MOUVIT825-MOU,2025-11-08T06:10:35.094118Z,0.38,25,yes,aa14b5d6-bb2a-4312-26cf-63362a22f388
KXCSGOGAME-MOUVIT825-MOU,2025-11-08T06:05:07.761815Z,0.39,2000,yes,c4b73de7-67f9-7fd9-7f09-42187b2d5fae
KXCSGOGAME-MOUVIT825-MOU,2025-11-08T06:02:13.730313Z,0.38,300,yes,68fda6b9-dc32-448e-d803-acdec22cd96f
KXCSGOGAME-MOUVIT825-MOU,2025-11-08T06:01:30.14009Z,0.38,887,yes,9d47f5c8-ea9f-664c-cf04-fcce0452d44f
KXCSGOGAME-MOUVIT825-MOU,2025-11-08T06:01:06.475719Z,0.37,300,yes,50e3c3ff-ccb6-75f9-2144-28cb10790823
KXCSGOGAME-MOUVIT825-MOU,2025-11-08T06:00:05.226753Z,0.38,50,yes,66645c50-f1b7-7afc-0d49-fce0f3bd5b4f
KXCSGOGAME-MOUVIT825-MOU,2025-11-08T05:59:59.248718Z,0.38,51,yes,14501637-1127-4120-aba3-b16a0dc38d63
KXCSGOGAME-MOUVIT825-MOU,2025-11-08T05:59:27.01525Z,0.38,12,yes,06a29a15-6ffb-74a0-1908-f90beab3290b
KXCSGOGAME-MOUVIT825-MOU,2025-11-08T05:57:37.739782Z,0.39,1770,yes,c9499307-54b5-79ad-253a-f4e3233b383a
KXCSGOGAME-MOUVIT825-MOU,2025-11-08T05:56:56.144996Z,0.36,3,yes,9d642ecd-6a55-4339-69b9-9f101630a4d1
KXCSGOGAME-MOUVIT825-MOU,2025-11-08T05:56:56.144996Z,0.39,1206,yes,513e019f-a765-4b19-60d4-bcee8c4a180e
KXCSGOGAME-MOUVIT825-MOU,2025-11-08T05:53:44.808035Z,0.36,300,yes,fad4be58-f7df-732f-0537-b867b7dff3e6
KXCSGOGAME-MOUVIT825-MOU,2025-11-08T05:53:44.808035Z,0.36,434,yes,1e54b78c-a8c9-737e-063d-863c9dabc8fd
KXCSGOGAME-MOUVIT825-MOU,2025-11-08T05:52:11.6112Z,0.36,66,yes,6191e573-ae5d-50e2-9589-3fd5fc1c8d2d
KXCSGOGAME-MOUVIT825-MOU,2025-11-08T05:43:50.224796Z,0.39,24,yes,718bec49-86f5-6e15-69e0-435f42c30fc6
KXCSGOGAME-MOUVIT825-MOU,2025-11-08T05:43:40.901781Z,0.36,1125,yes,b42e912f-2b5e-5dce-f297-293012e031d3
KXCSGOGAME-MOUVIT825-MOU,2025-11-08T05:43:40.901781Z,0.39,303,yes,03b6df1c-f22d-5831-e49e-3ab67cceefda
KXCSGOGAME-MOUVIT825-MOU,2025-11-08T05:43:07.939514Z,0.36,1843,yes,fb226bdf-ff8e-42d2-faef-4ff0c6242e8b
KXCSGOGAME-MOUVIT825-MOU,2025-11-08T05:40:49.615724Z,0.37,20,no,9ad4f969-2522-68af-ee2b-8cfdff26c9c8
KXCSGOGAME-MOUVIT825-MOU,2025-11-08T05:40:49.615724Z,0.38,12,no,00e838f7-e3e1-63bf-c8d0-6574213b9214
KXCSGOGAME-MOUVIT825-MOU,2025-11-08T05:38:03.910119Z,0.39,245,yes,ecbec311-d6e5-5001-d705-9989b2391bde
KXCSGOGAME-MOUVIT825-MOU,2025-11-08T05:36:57.50515Z,0.39,20,yes,8bf8a445-7091-6e45-535e-bd363c64f40e
KXCSGOGAME-MOUVIT825-MOU,2025-11-08T05:28:49.677526Z,0.4,389,yes,9ed2c7c3-8407-4e28-1ea6-c185aff0aafd
KXCSGOGAME-MOUVIT825-MOU,2025-11-08T05:28:49.677526Z,0.4,111,yes,3342211b-f972-4d68-0c30-76dd4e62c74f
KXCSGOGAME-MOUVIT825-MOU,2025-11-08T05:28:27.432501Z,0.4,2,yes,56f1406a-0bf3-6cc4-2f31-4b7f31384185
KXCSGOGAME-MOUVIT825-MOU,2025-11-08T05:24:30.431443Z,0.4,47,yes,b8e62416-c8e3-5a7c-2cb5-917e56355471
KXCSGOGAME-MOUVIT825-MOU,2025-11-08T05:21:39.766383Z,0.4,62,yes,87b0682b-f4f3-7dd4-dbdd-d7d87b47eadc
KXCSGOGAME-MOUVIT825-MOU,2025-11-08T05:21:39.766383Z,0.41,134,yes,63677e44-d1c9-7b1a-eacf-51c233dcef52
KXCSGOGAME-MOUVIT825-MOU,2025-11-08T05:21:39.766383Z,0.4,1000,yes,1e7279e3-d1b7-7175-c687-e718c6805154
KXCSGOGAME-MOUVIT825-MOU,2025-11-08T05:09:26.960307Z,0.36,35,no,94288f91-2ff0-6c21-eced-db2eb44b70c9
KXCSGOGAME-MOUVIT825-MOU,2025-11-08T05:09:26.960307Z,0.35,54,no,68dfc791-af72-6469-d866-5b83e375bab9
KXCSGOGAME-MOUVIT825-MOU,2025-11-08T05:09:26.960307Z,0.35,500,no,5d50a54d-7f96-6d71-dc7a-bc26ae95cdab
KXCSGOGAME-MOUVIT825-MOU,2025-11-08T04:32:08.959196Z,0.41,23,yes,2e3b8542-3c83-6e52-3aef-ef32a8907e24
KXCSGOGAME-MOUVIT825-MOU,2025-11-08T04:25:18.215035Z,0.4,8,yes,75d3389a-90b5-6c00-a40d-e8e4dd68aad4
KXCSGOGAME-MOUVIT825-MOU,2025-11-08T04:25:18.215035Z,0.42,26,yes,3ad4e852-47bb-6f49-b0c7-9993a22db69d
KXCSGOGAME-MOUVIT825-MOU,2025-11-08T04:21:59.113029Z,0.32,7,no,471f713c-36d5-45d3-6701-436e7402acad
KXCSGOGAME-MOUVIT825-MOU,2025-11-08T03:11:13.367145Z,0.4,47,yes,2550ff18-df08-7fe1-8ac7-36307d1f8129
KXCSGOGAME-MOUVIT825-MOU,2025-11-08T02:38:51.2907Z,0.4,59,yes,74cf8948-5390-4961-17c9-cbde7fd4ca71
KXCSGOGAME-MOUVIT825-MOU,2025-11-08T02:05:05.416767Z,0.4,23,yes,188a0a37-f0cc-7c6d-1098-c1a10d8882a1
KXCSGOGAME-MOUVIT825-MOU,2025-11-08T01:18:58.932492Z,0.39,22,yes,a8ecc097-5090-49a6-c31c-7e3e2db9d8da
KXCSGOGAME-MOUVIT825-MOU,2025-11-08T01:18:58.932492Z,0.4,26,yes,9fa6d8d7-e080-4629-ee4a-d4712893c4bd
KXCSGOGAME-MOUVIT825-MOU,2025-11-08T01:12:59.1877Z,0.39,24,yes,69296f9e-b0f1-6f77-db09-58c66acc58b1
KXCSGOGAME-MOUVIT825-MOU,2025-11-08T00:39:26.94143Z,0.39,4,yes,6fcba362-f7a9-4b7a-4704-945d4776deec
KXCSGOGAME-MOUVIT825-MOU,2025-11-07T23:52:45.437684Z,0.39,61,yes,adf88ae5-7ceb-6c78-f3c7-4e16d7e34581
KXCSGOGAME-MOUVIT825-MOU,2025-11-07T23:29:50.956003Z,0.26,50,no,8d1fd165-171f-6f0f-a642-3c4836e0c038
KXCSGOGAME-MOUVIT825-MOU,2025-11-07T23:10:06.10398Z,0.26,13,no,3fa0d347-6927-7e4f-5cc9-38b5a9679a9c
KXCSGOGAME-MOUVIT825-MOU,2025-11-07T22:38:25.632743Z,0.25,55,no,c1e98f6e-27da-7a09-0b13-2bc306c35035
KXCSGOGAME-MOUVIT825-MOU,2025-11-07T22:38:25.632743Z,0.27,38,no,b383f8af-8163-7f4f-3338-1097f43f47e8
KXCSGOGAME-MOUVIT825-MOU,2025-11-07T22:38:25.632743Z,0.25,12,no,84a7f53b-b727-700d-00b5-ca06976333b8
KXCSGOGAME-MOUVIT825-MOU,2025-11-07T22:38:25.632743Z,0.26,83,no,55a0c6c0-d0b0-7cf4-038e-b6d18d1ab3e1
KXCSGOGAME-MOUVIT825-MOU,2025-11-07T22:38:25.632743Z,0.39,70,no,4b8946a4-307e-7cc4-0132-1909961cc5c9
KXCSGOGAME-MOUVIT825-MOU,2025-11-07T21:00:33.100555Z,0.39,7,no,b28731d6-1356-50c4-72a4-4e773b4e2985
KXCSGOGAME-MOUVIT825-MOU,2025-11-07T20:49:35.730029Z,0.41,7,yes,b174835c-30e8-626e-98da-148a10198e89
KXCSGOGAME-MOUVIT825-MOU,2025-11-07T19:23:18.530943Z,0.38,78,no,471f59e5-4525-78f0-04a4-6da8bc205897
KXCSGOGAME-MOUVIT825-MOU,2025-11-07T19:20:04.657419Z,0.38,78,no,1fbe67fb-79a1-7f6e-55cb-365cc8d7ac82
KXCSGOGAME-MOUVIT825-MOU,2025-11-07T19:17:55.756531Z,0.38,78,no,e4d8c97b-e05c-47bc-c618-59508c662079
KXCSGOGAME-MOUVIT825-MOU,2025-11-07T19:14:11.206038Z,0.38,157,no,cdea82f0-7b94-4aaf-73a7-a4532b484523
KXCSGOGAME-MOUVIT825-MOU,2025-11-07T19:13:30.20052Z,0.42,40,no,777d7f05-bcea-4d2a-70c1-8d0cbbecfd91
KXCSGOGAME-MOUVIT825-MOU,2025-11-07T19:10:28.161821Z,0.4,162,no,f6cec3f1-977e-5945-2a7c-22739de863ff
KXCSGOGAME-MOUVIT825-MOU,2025-11-07T19:05:37.164989Z,0.4,324,no,20531dd0-a28a-52cd-586b-dce18e7d972b
KXCSGOGAME-MOUVIT825-MOU,2025-11-07T18:17:49.561528Z,0.43,8,yes,4f0f7f69-d57e-4cc9-b35f-79d916353e03
KXCSGOGAME-MOUVIT825-MOU,2025-11-07T17:41:50.199193Z,0.43,22,yes,f9e90d76-a10a-4d91-309e-33dd692199f3
