ticker,created_time,price,count,taker_side,trade_id
KXCSGOGAME-MOUVIT825-VIT,2025-11-08T17:14:23.29252Z,0.99,17,no,67bffe49-d6ec-5c04-a933-7047ecc5d449
KXCSGOGAME-MOUVIT825-VIT,2025-11-08T17:08:15.596368Z,0.99,20,no,2c0c824b-22e0-53a8-6a2d-31c9856d4ea1
KXCSGOGAME-MOUVIT825-VIT,2025-11-08T17:02:23.093071Z,0.99,140,no,02a1c55f-4ff4-5940-9135-5211bae08221
KXCSGOGAME-MOUVIT825-VIT,2025-11-08T16:57:07.929244Z,0.99,325,no,0cac15d3-4820-7180-ead9-9f22fcfa702d
KXCSGOGAME-MOUVIT825-VIT,2025-11-08T16:48:44.665073Z,0.99,34,no,ef5ce415-761e-53b9-5eaa-42510607a868
KXCSGOGAME-MOUVIT825-VIT,2025-11-08T16:48:44.665073Z,0.99,4,no,24742e2f-31d8-5a88-49ba-f414f9e13399
KXCSGOGAME-MOUVIT825-VIT,2025-11-08T16:44:32.201773Z,0.99,27,no,fc58e850-5cce-6add-6a69-66eaea67bbe4
KXCSGOGAME-MOUVIT825-VIT,2025-11-08T16:43:58.225714Z,0.99,36,no,14ea54da-d886-6a65-6c6f-d4cc28703d10
KXCSGOGAME-MOUVIT825-VIT,2025-11-08T16:32:47.778377Z,0.99,205,no,1fe8864f-bd76-5c71-06ba-312aecfceeb4
KXCSGOGAME-MOUVIT825-VIT,2025-11-08T16:31:17.921902Z,0.99,75,no,a1efb2a3-6ffe-6241-8c12-8c2856ef0878
KXCSGOGAME-MOUVIT825-VIT,2025-11-08T16:28:09.508229Z,0.99,1077,no,4baa330a-8ef2-61b0-c6a9-9bb86968f3b3
KXCSGOGAME-MOUVIT825-VIT,2025-11-08T16:28:09.508229Z,0.99,1123,no,06deac0c-aec6-63ad-fac4-9044e13b9724
KXCSGOGAME-MOUVIT825-VIT,2025-11-08T16:26:12.024056Z,0.99,39,no,22ff3ee0-6e7a-6018-503b-faa25e9b93b3
KXCSGOGAME-MOUVIT825-VIT,2025-11-08T16:21:52.053482Z,0.99,102,no,29c75c94-e7ba-6494-59b8-e13a58cec063
KXCSGOGAME-MOUVIT825-VIT,2025-11-08T16:19:13.208576Z,0.99,15,no,3b43121c-5436-6b70-cc46-58613642f91b
KXCSGOGAME-MOUVIT825-VIT,2025-11-08T16:10:07.386012Z,0.99,80,no,540fdf69-16be-4010-36ca-821a37c239df
KXCSGOGAME-MOUVIT825-VIT,2025-11-08T16:09:09.996633Z,0.99,64,no,8dac63a6-2aea-4714-d7ae-a18a8ce5fad7
KXCSGOGAME-MOUVIT825-VIT,2025-11-08T15:49:21.536618Z,0.99,210,no,b4d989b7-eadb-6782-ec9a-cec5eadbf349
KXCSGOGAME-MOUVIT825-VIT,2025-11-08T15:49:21.536618Z,0.99,123,no,4fc7a92c-a256-6fec-ffc1-444083ce3873
KXCSGOGAME-MOUVIT825-VIT,2025-11-08T15:46:47.591972Z,0.99,46,no,aad34a6e-6807-596e-833c-8ef63b004c15
KXCSGOGAME-MOUVIT825-VIT,2025-11-08T15:36:46.215899Z,0.99,530,no,e0ba27dd-db9f-782a-c5df-1fa3c3d777f1
KXCSGOGAME-MOUVIT825-VIT,2025-11-08T15:18:36.922026Z,0.99,497,no,d4875184-c95f-6cbe-3a3b-2df71f463ee1
KXCSGOGAME-MOUVIT825-VIT,2025-11-08T15:15:25.475452Z,0.99,184,no,3cc1d68c-77d7-75c2-70d8-a8f240f8fb09
KXCSGOGAME-MOUVIT825-VIT,2025-11-08T15:02:52.530177Z,0.99,15,no,1376aa02-d7ab-4bb2-e795-8242b57cba6d
KXCSGOGAME-MOUVIT825-VIT,2025-11-08T14:32:05.429846Z,0.99,149,no,f2328ed1-80d3-4656-ea65-f8f23f9db017
KXCSGOGAME-MOUVIT825-VIT,2025-11-08T14:32:05.429846Z,0.99,18,no,ad7e2ad3-45eb-41c6-d21f-e13d655124f1
KXCSGOGAME-MOUVIT825-VIT,2025-11-08T14:30:07.902939Z,0.99,38,no,a11ee7d7-0dab-67b2-ccda-dc5886312ff7
KXCSGOGAME-MOUVIT825-VIT,2025-11-08T14:23:54.329075Z,0.99,38,no,0270408e-a5b7-4fb6-177b-8a29589124bb
KXCSGOGAME-MOUVIT825-VIT,2025-11-08T14:20:08.19517Z,0.99,45,no,466536c1-866b-58a6-7a79-c45015e6ce37
KXCSGOGAME-MOUVIT825-VIT,2025-11-08T14:18:41.347723Z,0.99,1000,no,7cbc6da5-4cdb-539e-716f-d7d5719d636f
KXCSGOGAME-MOUVIT825-VIT,2025-11-08T14:10:59.600741Z,0.99,30,no,06214645-b3c7-6cbe-8e66-a80fddaa646f
KXCSGOGAME-MOUVIT825-VIT,2025-11-08T13:52:39.900891Z,0.99,24,no,e67e58e3-27af-6d16-ef1c-b84235f0b8f3
KXCSGOGAME-MOUVIT825-VIT,2025-11-08T13:48:37.597853Z,0.99,20,no,5714c394-6a13-4186-1c3b-1d4b32b985df
KXCSGOGAME-MOUVIT825-VIT,2025-11-08T13:48:06.142236Z,0.99,103,no,9b245483-b8bb-62ea-1a3e-e247a66e24b3
KXCSGOGAME-MOUVIT825-VIT,2025-11-08T13:15:15.726567Z,0.99,25,no,3ef18cb2-0813-5232-6da1-d9262eb613c7
KXCSGOGAME-MOUVIT825-VIT,2025-11-08T13:13:05.128277Z,0.99,6,no,d42806ee-dc37-4e12-3caf-0ed288529837
KXCSGOGAME-MOUVIT825-VIT,2025-11-08T13:06:02.932966Z,0.99,22,no,9b9f2d9c-3fa7-6a76-42f7-a6df8ac8a313
KXCSGOGAME-MOUVIT825-VIT,2025-11-08T12:55:46.101155Z,0.99,32,no,ee94b050-a56c-7f06-fe4e-0a4303ea4257
KXCSGOGAME-MOUVIT825-VIT,2025-11-08T12:49:10.139261Z,0.99,152,no,0b4f0a5c-10dc-4b06-77bb-bdc718fbbe5f
KXCSGOGAME-MOUVIT825-VIT,2025-11-08T12:46:05.350729Z,0.99,359,no,65d9d7e9-81fc-66e2-470d-086eceb74f33
KXCSGOGAME-MOUVIT825-VIT,2025-11-08T12:44:27.937286Z,0.99,23,no,8a39401a-0b00-50ee-a078-8fc40353129b
KXCSGOGAME-MOUVIT825-VIT,2025-11-08T12:36:37.189532Z,0.99,188,no,e01f5607-8e2c-74c2-9f06-41ec24ec032b
KXCSGOGAME-MOUVIT825-VIT,2025-11-08T12:26:10.796356Z,0.99,14,no,5fbde038-6dfc-739e-5d1e-98cd13729897
KXCSGOGAME-MOUVIT825-VIT,2025-11-08T12:23:01.367681Z,0.99,1115,no,3e0ef648-1c80-6d86-a500-22ef08bf9a4f
KXCSGOGAME-MOUVIT825-VIT,2025-11-08T11:49:27.648595Z,0.99,669,no,1a7a0184-6fe0-7ca6-6c2e-abecd77a924f
KXCSGOGAME-MOUVIT825-VIT,2025-11-08T11:45:57.287785Z,0.99,7,no,294e80f6-5494-68f2-1323-ac9698aa8217
KXCSGOGAME-MOUVIT825-VIT,2025-11-08T11:41:16.167102Z,0.99,48,no,6c680b16-625c-45f6-a21f-407811f3e3bb
KXCSGOGAME-MOUVIT825-VIT,2025-11-08T11:37:01.604721Z,0.99,63,no,eea85d83-1202-7df6-2cb9-383268c6dea3
KXCSGOGAME-MOUVIT825-VIT,2025-11-08T11:37:01.604721Z,0.99,344,no,3a5dfbb3-7f70-7d1e-06a0-c19cd6251c8b
KXCSGOGAME-MOUVIT825-VIT,2025-11-08T11:20:19.78441Z,0.99,39,no,1f74e180-c8f6-441a-57f4-17b0add31fd7
KXCSGOGAME-MOUVIT825-VIT,2025-11-08T11:19:52.783276Z,0.99,252,no,9b0f4d83-c726-7c1e-3b07-0acd87dc319b
KXCSGOGAME-MOUVIT825-VIT,2025-11-08T11:14:26.900639Z,0.99,32,no,d6fcda81-bfa2-65a6-1cf6-001a39073f9b
KXCSGOGAME-MOUVIT825-VIT,2025-11-08T11:05:55.213692Z,0.99,254,no,7e1de128-ed32-628e-c459-a7a93ab6769f
KXCSGOGAME-MOUVIT825-VIT,2025-11-08T10:52:09.82606Z,0.99,132,no,86c175ba-f1fa-4b16-70ce-a8fb98430a03
KXCSGOGAME-MOUVIT825-VIT,2025-11-08T10:51:21.567611Z,0.99,228,no,d5663b9c-21ca-5d5e-9ddd-b23fc2dc6ef7
KXCSGOGAME-MOUVIT825-VIT,2025-11-08T10:51:21.567611Z,0.99,629,no,6acb70d7-2b67-5887-9768-369986996dbb
KXCSGOGAME-MOUVIT825-VIT,2025-11-08T10:47:53.163983Z,0.99,184,no,972bce84-9d3b-4ce3-e8ca-439b0ffb802b
KXCSGOGAME-MOUVIT825-VIT,2025-11-08T10:44:49.69327Z,0.99,3,no,e8cc5db9-78bf-79bf-41af-3ce2263b111b
KXCSGOGAME-MOUVIT825-VIT,2025-11-08T10:43:01.790298Z,0.99,77,no,aafe361a-6e07-7627-63d2-893732f17b5b
KXCSGOGAME-MOUVIT825-VIT,2025-11-08T10:41:39.355477Z,0.99,2,no,e6bf2572-ef9f-6f5f-3817-7cba3c433e47
KXCSGOGAME-MOUVIT825-VIT,2025-11-08T10:41:29.050286Z,0.99,93,no,03b96273-a7bf-6de3-62de-fbb24e0b614b
KXCSGOGAME-MOUVIT825-VIT,2025-11-08T10:33:32.52927Z,0.99,1,no,fde8cc81-607e-6b23-7add-2f0562642416
KXCSGOGAME-MOUVIT825-VIT,2025-11-08T10:33:32.52927Z,0.99,1990,no,b5e306a5-cc60-6048-7554-a00b3019f909
KXCSGOGAME-MOUVIT825-VIT,2025-11-08T10:33:32.52927Z,0.99,1012,no,b2e78977-1cc7-6f4b-7b84-7f198f8ba70f
KXCSGOGAME-MOUVIT825-VIT,2025-11-08T10:29:56.734518Z,0.99,106,no,3b96de3a-25b4-60ac-3271-2d09dd4b4d05
KXCSGOGAME-MOUVIT825-VIT,2025-11-08T10:25:33.435274Z,0.99,117,no,7fbe357f-9350-6a40-54a6-1c1fb562228d
KXCSGOGAME-MOUVIT825-VIT,2025-11-08T10:25:06.683258Z,0.99,93,no,1ccca2da-cf18-536c-11c5-09fcd25e5685
KXCSGOGAME-MOUVIT825-VIT,2025-11-08T10:23:35.902412Z,0.99,17,no,5533153b-5f24-58fc-cc4f-a6c4c1b39d05
KXCSGOGAME-MOUVIT825-VIT,2025-11-08T10:15:09.996804Z,0.99,100,no,2c1dd592-4a6c-4194-d25e-e7edb221672d
KXCSGOGAME-MOUVIT825-VIT,2025-11-08T10:14:44.868642Z,0.99,6,no,2da5139c-20c8-749c-fa2e-c40193a72061
KXCSGOGAME-MOUVIT825-VIT,2025-11-08T10:14:33.822796Z,0.99,5,no,6afd4bfe-1b84-6cf4-d2d8-0291547a8bb5
KXCSGOGAME-MOUVIT825-VIT,2025-11-08T10:12:46.684124Z,0.99,13,no,20b6c15a-ae7c-4b9c-930b-14049fc33de5
KXCSGOGAME-MOUVIT825-VIT,2025-11-08T10:11:01.891951Z,0.99,7,no,b1d03cd7-ab9c-7c28-cc70-92db116a4a29
KXCSGOGAME-MOUVIT825-VIT,2025-11-08T10:09:26.402427Z,0.99,35,no,8bdf27b4-ca00-4b98-ff37-a02f6e61fa51
KXCSGOGAME-MOUVIT825-VIT,2025-11-08T10:08:34.443595Z,0.99,51,no,eead40e5-6be0-5ea0-bd7d-5c61cebc3501
KXCSGOGAME-MOUVIT825-VIT,2025-11-08T10:07:03.111289Z,0.99,73,no,b92c5166-e124-70a8-a504-db37a5baa281
KXCSGOGAME-MOUVIT825-VIT,2025-11-08T10:06:13.907842Z,0.99,179,no,6beb3055-5ad0-5580-0325-c4f92a640db1
KXCSGOGAME-MOUVIT825-VIT,2025-11-08T10:06:10.284874Z,0.99,10,no,977232de-6093-5162-18f8-a568512f1d33
KXCSGOGAME-MOUVIT825-VIT,2025-11-08T10:06:10.284874Z,0.99,208,no,90c860c5-ac90-55d0-3f4d-f224921b3af9
KXCSGOGAME-MOUVIT825-VIT,2025-11-08T10:06:10.284874Z,0.99,253,no,87ee3575-9e1b-5e6b-1e5a-991f881e3faf
KXCSGOGAME-MOUVIT825-VIT,2025-11-08T10:06:05.651864Z,0.99,1747,no,45ee11d9-562f-71fb-5f97-151f455f0acb
KXCSGOGAME-MOUVIT825-VIT,2025-11-08T10:06:05.651864Z,0.99,1006,no,1e9b63e1-efcb-74a7-5a33-cc42b410e750
KXCSGOGAME-MOUVIT825-VIT,2025-11-08T10:04:49.734028Z,0.99,616,no,c26b4313-327b-65df-2a66-4ff99a576680
KXCSGOGAME-MOUVIT825-VIT,2025-11-08T10:04:48.328086Z,0.99,944,no,5845cb81-4353-632b-795e-f5e4e7531808
KXCSGOGAME-MOUVIT825-VIT,2025-11-08T10:04:37.890797Z,0.99,33,no,49e4c121-9db3-4af3-fd16-bf92d39e348c
KXCSGOGAME-MOUVIT825-VIT,2025-11-08T10:04:03.123235Z,0.99,65,no,296e3d5a-5713-633b-7000-6d790cbe7d90
KXCSGOGAME-MOUVIT825-VIT,2025-11-08T10:04:01.287715Z,0.99,151,no,4f20a1be-755b-6d27-43d3-6d2da7639d8c
KXCSGOGAME-MOUVIT825-VIT,2025-11-08T10:03:37.330706Z,0.99,401,no,9d4f3c40-3b0f-4c37-0783-aa97b1d18dc8
KXCSGOGAME-MOUVIT825-VIT,2025-11-08T10:03:30.839885Z,0.99,4,no,73fa18db-bf9f-4827-2384-389703662da8
KXCSGOGAME-MOUVIT825-VIT,2025-11-08T10:03:28.171718Z,0.99,81,no,426afc5b-b347-491f-4c83-3a6baed4d56c
KXCSGOGAME-MOUVIT825-VIT,2025-11-08T10:03:18.68769Z,0.99,30,no,4cc53243-99e3-793b-dcba-f79ea4acbec8
KXCSGOGAME-MOUVIT825-VIT,2025-11-08T10:03:09.218297Z,0.99,340,no,4ae758ef-568b-5a7b-0cb6-b562f9abceec
KXCSGOGAME-MOUVIT825-VIT,2025-11-08T10:03:06.802697Z,0.99,930,no,7962aa40-90cb-7fc7-19df-c054f8c048e0
KXCSGOGAME-MOUVIT825-VIT,2025-11-08T10:02:58.484442Z,0.99,90,no,7af598dd-661b-6517-cf2f-b7ba61827fdc
KXCSGOGAME-MOUVIT825-VIT,2025-11-08T10:02:57.556061Z,0.99,150,no,cdd33dd0-e063-4fb7-bd1c-5ccb5f98f2a4
KXCSGOGAME-MOUVIT825-VIT,2025-11-08T10:02:52.577692Z,0.99,125,no,79b18b9f-cbc7-686b-886d-60a821c01870
KXCSGOGAME-MOUVIT825-VIT,2025-11-08T10:02:48.163557Z,0.99,32,yes,82edf72f-2556-4c23-ce93-827368814012
KXCSGOGAME-MOUVIT825-VIT,2025-11-08T10:02:48.163557Z,0.99,2,yes,4e02ab3e-7872-4a6b-c7f8-4b8d31d72c0e
KXCSGOGAME-MOUVIT825-VIT,2025-11-08T10:02:40.35204Z,0.99,151,yes,d50c37c6-bcea-4b17-23a5-7b2b2eb49b36
KXCSGOGAME-MOUVIT825-VIT,2025-11-08T10:02:28.73101Z,0.99,33,yes,ba84e206-d377-6760-899f-1a8c05de4930
KXCSGOGAME-MOUVIT825-VIT,2025-11-08T10:02:28.73101Z,0.99,17,yes,23dc2a00-e092-6337-8f01-5e806362ebb2
KXCSGOGAME-MOUVIT825-VIT,2025-11-08T10:02:13.865637Z,0.99,48,yes,a8d3d738-98ec-7463-47e5-4abc6d1f97a4
KXCSGOGAME-MOUVIT825-VIT,2025-11-08T10:02:13.865637Z,0.99,167,yes,6b390097-d3eb-7840-6cb9-4e5112ea85c8
KXCSGOGAME-MOUVIT825-VIT,2025-11-08T10:02:10.305894Z,0.96,36,yes,ec8d40ea-25db-4287-7912-e37d2911afbb
KXCSGOGAME-MOUVIT825-VIT,2025-11-08T10:02:10.305894Z,0.96,5,yes,bf3c68a1-842b-4cf0-5be6-cfe62bc101dd
KXCSGOGAME-MOUVIT825-VIT,2025-11-08T10:02:10.305894Z,0.96,6,yes,7c49fb98-b3cc-4ae9-6217-be1de38506f7
KXCSGOGAME-MOUVIT825-VIT,2025-11-08T10:02:10.305894Z,0.97,55,yes,59829778-a852-48eb-5ec0-b53ee20df084
KXCSGOGAME-MOUVIT825-VIT,2025-11-08T10:02:10.305894Z,0.99,152,yes,4d1fb764-8a70-4fc7-538d-13862e061338
KXCSGOGAME-MOUVIT825-VIT,2025-11-08T10:01:12.243837Z,0.95,20,yes,19e5dcb4-7f54-7e57-b3cc-74eb1e5aecfa
KXCSGOGAME-MOUVIT825-VIT,2025-11-08T10:00:52.213173Z,0.97,45,yes,a729f99e-e132-4f5b-245b-bc3f95f1e78c
KXCSGOGAME-MOUVIT825-VIT,2025-11-08T10:00:52.213173Z,0.9,5,yes,1da98789-f35b-4aa8-1032-322c5fd3f1d1
KXCSGOGAME-MOUVIT825-VIT,2025-11-08T10:00:44.521007Z,0.9,944,yes,83dcb8a7-fa57-6ef8-0d05-3c68880dcb41
KXCSGOGAME-MOUVIT825-VIT,2025-11-08T10:00:23.676464Z,0.85,16,yes,b1b21faa-5ac7-4c12-4284-fbceb8d94c69
KXCSGOGAME-MOUVIT825-VIT,2025-11-08T10:00:23.676464Z,0.85,87,yes,4653fa54-1c53-4126-57b4-7d9e2057de1e
KXCSGOGAME-MOUVIT825-VIT,2025-11-08T10:00:22.287104Z,0.85,14,yes,c73df829-40af-769e-e1a2-82d6c3356b39
KXCSGOGAME-MOUVIT825-VIT,2025-11-08T09:59:58.153704Z,0.89,356,no,84d39243-8c0d-72a5-e1f3-7827c65ee7e6
KXCSGOGAME-MOUVIT825-VIT,2025-11-08T09:59:57.389758Z,0.89,119,yes,f600a8d7-d4e5-7be5-d284-5c58a148a95f
KXCSGOGAME-MOUVIT825-VIT,2025-11-08T09:59:57.389758Z,0.9,20,yes,7dee2e8f-ad5b-7c16-c332-b3cf0786af71
KXCSGOGAME-MOUVIT825-VIT,2025-11-08T09:59:57.389758Z,0.9,49,yes,5ad1a1fc-7977-7d04-cef8-b06347d8725d
KXCSGOGAME-MOUVIT825-VIT,2025-11-08T09:59:25.24988Z,0.79,22,yes,887aa3ba-27b4-4518-6980-4247abe45174
KXCSGOGAME-MOUVIT825-VIT,2025-11-08T09:59:25.24988Z,0.74,6,yes,7da7678f-b36f-4dfd-70b1-80d334fa3bb5
KXCSGOGAME-MOUVIT825-VIT,2025-11-08T09:58:57.135095Z,0.74,5,yes,979836a4-db8b-513d-3d43-9cdc83663e25
KXCSGOGAME-MOUVIT825-VIT,2025-11-08T09:57:24.464579Z,0.69,2,yes,f17fbedb-373e-4de3-f74d-c75bfa5c44ca
KXCSGOGAME-MOUVIT825-VIT,2025-11-08T09:55:43.396073Z,0.6,16,yes,76f58458-24c5-5ba6-3d51-0c86ba579873
KXCSGOGAME-MOUVIT825-VIT,2025-11-08T09:54:54.999809Z,0.48,5,yes,a44cc3c6-bf58-5dbb-c147-caa0ee3c597a
KXCSGOGAME-MOUVIT825-VIT,2025-11-08T09:54:46.85042Z,0.48,50,yes,8fed4fb0-a328-5f13-9aa1-a6f9b14bb292
KXCSGOGAME-MOUVIT825-VIT,2025-11-08T09:52:44.988924Z,0.5,34,yes,7cdf68c8-32f4-7a4f-a945-c007c69bf086
KXCSGOGAME-MOUVIT825-VIT,2025-11-08T09:52:44.988924Z,0.49,4,yes,37f7f4f3-65a5-7ded-b623-072aa1972e47
KXCSGOGAME-MOUVIT825-VIT,2025-11-08T09:52:24.654042Z,0.6,25,yes,76f38cd2-6203-457e-34fc-947dbc618c35
KXCSGOGAME-MOUVIT825-VIT,2025-11-08T09:52:24.654042Z,0.59,15,yes,07d1c3cd-2f7b-4ccf-25a5-7375c1282d7d
KXCSGOGAME-MOUVIT825-VIT,2025-11-08T09:51:51.881823Z,0.47,20,no,53abffb3-d9f6-7c53-a91e-989825d13c86
KXCSGOGAME-MOUVIT825-VIT,2025-11-08T09:51:19.25128Z,0.65,21,yes,5ea807ba-be6a-67fb-b9db-33a667a51336
KXCSGOGAME-MOUVIT825-VIT,2025-11-08T09:51:19.25128Z,0.66,8,yes,5997b9ac-bc00-638f-a900-bcfa5688e00a
KXCSGOGAME-MOUVIT825-VIT,2025-11-08T09:50:44.345388Z,0.65,48,yes,184044df-918e-4c5b-a511-d7e100f732ea
KXCSGOGAME-MOUVIT825-VIT,2025-11-08T09:50:12.671895Z,0.47,30,no,708e96d0-13ca-705f-a930-68e9c50d38a2
KXCSGOGAME-MOUVIT825-VIT,2025-11-08T09:50:12.671895Z,0.5,14,no,4cb6463b-09c3-7abe-852d-71db670e322b
KXCSGOGAME-MOUVIT825-VIT,2025-11-08T09:49:42.819143Z,0.55,2,no,d85b043a-3dc6-4ae9-51d5-347f81b4eaef
KXCSGOGAME-MOUVIT825-VIT,2025-11-08T09:48:49.261891Z,0.75,120,yes,440331b7-a9ce-41f1-6921-5c3bff461dbd
KXCSGOGAME-MOUVIT825-VIT,2025-11-08T09:48:28.208194Z,0.75,36,yes,d87c540f-64e6-743d-d24c-6e07b457903d
KXCSGOGAME-MOUVIT825-VIT,2025-11-08T09:48:28.208194Z,0.72,30,yes,71a2d83d-1fb9-7d1b-d7d9-31aec55b270f
KXCSGOGAME-MOUVIT825-VIT,2025-11-08T09:47:58.73798Z,0.75,5,yes,a87904d7-28a6-7a31-edff-4122d36ecc19
KXCSGOGAME-MOUVIT825-VIT,2025-11-08T09:47:45.465092Z,0.75,1,no,1ea25512-a481-6eec-b68e-3ecd8729ff89
KXCSGOGAME-MOUVIT825-VIT,2025-11-08T09:46:29.999574Z,0.83,20,yes,565b813d-ce19-4921-089d-4869219a7e1e
KXCSGOGAME-MOUVIT825-VIT,2025-11-08T09:45:42.788613Z,0.84,7,yes,c46cf55a-8578-45a4-a022-42234a1f7248
KXCSGOGAME-MOUVIT825-VIT,2025-11-08T09:44:39.111288Z,0.87,188,yes,cd3929b2-3f81-47fe-287b-e38cac40f644
KXCSGOGAME-MOUVIT825-VIT,2025-11-08T09:44:39.111288Z,0.89,62,yes,40c12ff9-4125-40b1-0832-fdaf8dce913f
KXCSGOGAME-MOUVIT825-VIT,2025-11-08T09:44:35.573712Z,0.86,1,no,f6399c2e-d6f8-497c-3c40-f7acdfa54b2c
KXCSGOGAME-MOUVIT825-VIT,2025-11-08T09:43:40.337426Z,0.86,140,yes,716443b0-9b5f-618b-9c53-b9fab78143b8
KXCSGOGAME-MOUVIT825-VIT,2025-11-08T09:42:58.833873Z,0.74,43,no,683d558e-5014-4374-c35f-46425cd34a35
KXCSGOGAME-MOUVIT825-VIT,2025-11-08T09:38:24.280666Z,0.69,2,yes,f8281feb-31c8-4195-9c7f-acc8424390e0
KXCSGOGAME-MOUVIT825-VIT,2025-11-08T09:38:24.280666Z,0.86,14,yes,ef68b408-0509-4517-be5e-dadaecdd0d39
KXCSGOGAME-MOUVIT825-VIT,2025-11-08T09:38:24.280666Z,0.72,318,yes,8d532887-9a7c-4b27-af66-b5893deb5473
KXCSGOGAME-MOUVIT825-VIT,2025-11-08T09:38:24.280666Z,0.74,15,yes,84c6bc02-e12a-453f-a0aa-8f4bd08d1a37
KXCSGOGAME-MOUVIT825-VIT,2025-11-08T09:38:24.280666Z,0.87,275,yes,768e2d88-5c09-4a56-bec2-8ece4bb89b78
KXCSGOGAME-MOUVIT825-VIT,2025-11-08T09:38:15.257155Z,0.65,50,yes,16abc418-b9bf-7221-a0a7-474b6b94cb38
KXCSGOGAME-MOUVIT825-VIT,2025-11-08T09:38:14.303741Z,0.64,27,no,82f4cb98-0e0c-4a8d-7f2c-90ca9d50f64a
KXCSGOGAME-MOUVIT825-VIT,2025-11-08T09:38:11.884249Z,0.64,218,yes,cb76919f-d342-66b1-dede-e067392bd55c
KXCSGOGAME-MOUVIT825-VIT,2025-11-08T09:38:11.884249Z,0.64,86,yes,92869763-aa32-6466-dce4-f6c42d3a8ee1
KXCSGOGAME-MOUVIT825-VIT,2025-11-08T09:38:11.516678Z,0.64,152,yes,2f3670e3-2062-789e-e5fc-dacbe2c56941
KXCSGOGAME-MOUVIT825-VIT,2025-11-08T09:38:08.098913Z,0.64,30,yes,29333b34-045e-54fa-8e05-8688e4745039
KXCSGOGAME-MOUVIT825-VIT,2025-11-08T09:36:53.260749Z,0.56,3,yes,1255e687-ea4b-6ea3-b63d-b8b91d3435c7
KXCSGOGAME-MOUVIT825-VIT,2025-11-08T09:36:13.555526Z,0.5,2,no,fe72d575-dce3-75de-195e-bdc701e66c26
KXCSGOGAME-MOUVIT825-VIT,2025-11-08T09:36:13.555526Z,0.52,40,no,eeefe0b1-c9e1-7b56-0bd5-df0e7023ea80
KXCSGOGAME-MOUVIT825-VIT,2025-11-08T09:36:13.555526Z,0.51,6,no,e1e719ae-5e14-761d-15b3-aa4f3c5665b3
KXCSGOGAME-MOUVIT825-VIT,2025-11-08T09:36:13.555526Z,0.5,44,no,56ac8397-a3cb-7228-2594-8e25293ac6dd
KXCSGOGAME-MOUVIT825-VIT,2025-11-08T09:36:01.00271Z,0.6,10,yes,e99a398e-6adb-4a93-7fb1-e58bdc327aaf
KXCSGOGAME-MOUVIT825-VIT,2025-11-08T09:36:01.00271Z,0.59,22,yes,76a5e2f0-91e8-40f4-7b5a-d881432c08c9
KXCSGOGAME-MOUVIT825-VIT,2025-11-08T09:31:21.43914Z,0.72,35,yes,445784f0-0cc2-5dde-0731-d738b5a2d485
KXCSGOGAME-MOUVIT825-VIT,2025-11-08T09:31:21.43914Z,0.67,3,yes,0e01385e-2e47-5bbb-30fe-03ce68403cfe
KXCSGOGAME-MOUVIT825-VIT,2025-11-08T09:31:13.838743Z,0.67,7,yes,a5977331-ccdf-6e0b-8015-022ab5dd9096
KXCSGOGAME-MOUVIT825-VIT,2025-11-08T09:30:12.082937Z,0.71,30,yes,627308e4-9904-7421-57b1-44297f553be3
KXCSGOGAME-MOUVIT825-VIT,2025-11-08T09:28:53.628945Z,0.69,23,yes,c45be73c-21d2-63b8-01c7-51d04d9184e1
KXCSGOGAME-MOUVIT825-VIT,2025-11-08T09:28:53.628945Z,0.83,4,yes,aa924206-9871-6654-1ec3-0c49b913550e
KXCSGOGAME-MOUVIT825-VIT,2025-11-08T09:28:53.628945Z,0.79,21,yes,79d88c3b-d2a2-644f-3f43-0e3817543ef4
KXCSGOGAME-MOUVIT825-VIT,2025-11-08T09:28:53.628945Z,0.7,2,yes,77abf565-66b7-6477-0a8e-979ecaaacc31
KXCSGOGAME-MOUVIT825-VIT,2025-11-08T09:28:53.628945Z,0.64,200,yes,73954dd5-19a9-6269-230a-8d0f8081905e
KXCSGOGAME-MOUVIT825-VIT,2025-11-08T09:28:53.628945Z,0.82,25,yes,7278b437-6c19-65c7-29a7-1436755d7dde
KXCSGOGAME-MOUVIT825-VIT,2025-11-08T09:28:53.628945Z,0.84,1,yes,663e4343-c0f8-6b8b-2a37-d76815b6d23e
KXCSGOGAME-MOUVIT825-VIT,2025-11-08T09:28:53.628945Z,0.65,17,yes,39de003d-8b22-662d-3cc3-2c33c96b526a
KXCSGOGAME-MOUVIT825-VIT,2025-11-08T09:28:53.628945Z,0.8,25,yes,376b0a8b-0cc8-6fea-29f7-a31743c88210
KXCSGOGAME-MOUVIT825-VIT,2025-11-08T09:28:53.628945Z,0.87,26,yes,130f7f52-a865-6726-36ec-f8e4d7a0e4c4
KXCSGOGAME-MOUVIT825-VIT,2025-11-08T09:27:56.200298Z,0.69,174,yes,ffafe93b-592e-6bfc-f847-25c548ed8239
KXCSGOGAME-MOUVIT825-VIT,2025-11-08T09:27:56.200298Z,0.65,191,yes,ddf5ca9d-beb8-6df4-da80-c688b6223211
KXCSGOGAME-MOUVIT825-VIT,2025-11-08T09:27:28.928226Z,0.6,40,no,68fd6d42-2ef2-424e-6980-df03390a8e50
KXCSGOGAME-MOUVIT825-VIT,2025-11-08T09:27:09.685265Z,0.61,100,no,8b2cb6c9-8ab4-4fa4-66e3-726ff804dbff
KXCSGOGAME-MOUVIT825-VIT,2025-11-08T09:26:56.849463Z,0.65,9,yes,ae3d1a9c-a28c-76a8-0ef2-45f03b6ab5f9
KXCSGOGAME-MOUVIT825-VIT,2025-11-08T09:26:01.991988Z,0.64,25,yes,7ad4b38a-e5c1-51ca-e4c0-e8fa17dfd8a8
KXCSGOGAME-MOUVIT825-VIT,2025-11-08T09:25:25.315345Z,0.63,6,yes,e12c4df2-97c7-7568-6990-9e53be1472e9
KXCSGOGAME-MOUVIT825-VIT,2025-11-08T09:25:19.491116Z,0.63,12,yes,e11dcd15-826f-5220-dcc3-77da73c4ce51
KXCSGOGAME-MOUVIT825-VIT,2025-11-08T09:24:40.667146Z,0.63,7,yes,873d4450-4b8b-7098-a98b-86112119eb19
KXCSGOGAME-MOUVIT825-VIT,2025-11-08T09:24:40.667146Z,0.62,25,yes,807305af-50c7-77a7-9097-deb2e06a262c
KXCSGOGAME-MOUVIT825-VIT,2025-11-08T09:24:05.410658Z,0.57,25,yes,37ab021f-363b-56a9-38fe-c83215703566
KXCSGOGAME-MOUVIT825-VIT,2025-11-08T09:23:56.05911Z,0.57,23,no,c21091eb-e543-7868-7b5a-0b4a19eb0063
KXCSGOGAME-MOUVIT825-VIT,2025-11-08T09:23:56.05911Z,0.56,25,no,93f35183-9c85-72bc-6e4d-a84448ab0062
KXCSGOGAME-MOUVIT825-VIT,2025-11-08T09:23:41.34265Z,0.57,2,no,c2df9d8d-ce4b-7d58-4708-d51e900943db
KXCSGOGAME-MOUVIT825-VIT,2025-11-08T09:23:41.34265Z,0.58,25,no,9bc2c324-dcfd-78a5-7ce5-fe231d3ff861
KXCSGOGAME-MOUVIT825-VIT,2025-11-08T09:23:33.067259Z,0.59,25,no,bf7cb447-41ea-7795-6307-1dc83bc5614c
KXCSGOGAME-MOUVIT825-VIT,2025-11-08T09:23:15.531926Z,0.6,16,yes,f1de75c3-22ee-540b-fc5a-3a0ebcce96a7
KXCSGOGAME-MOUVIT825-VIT,2025-11-08T09:23:01.483345Z,0.6,5,yes,c74ce2ad-162e-409f-8c02-cbd7b4e1d497
KXCSGOGAME-MOUVIT825-VIT,2025-11-08T09:21:34.486282Z,0.65,4,yes,940cbab3-25e2-63cf-7d83-8b8c2b4a3843
KXCSGOGAME-MOUVIT825-VIT,2025-11-08T09:21:22.686883Z,0.62,36,yes,cf9445ca-473e-7a3a-fc08-98b7fd61c871
KXCSGOGAME-MOUVIT825-VIT,2025-11-08T09:21:22.686883Z,0.63,17,yes,be56b0b3-7b3a-71dd-f8f9-3ff590935b4c
KXCSGOGAME-MOUVIT825-VIT,2025-11-08T09:21:22.686883Z,0.61,274,yes,92ecd543-0b16-73c4-cb80-c650281fbc14
KXCSGOGAME-MOUVIT825-VIT,2025-11-08T09:21:22.686883Z,0.65,24,yes,8cc01a40-47e2-7a03-d0e6-94eda8b7d437
KXCSGOGAME-MOUVIT825-VIT,2025-11-08T09:21:22.686883Z,0.62,50,yes,0715d2a3-80ca-75c0-cb32-6f5ff7de44ee
KXCSGOGAME-MOUVIT825-VIT,2025-11-08T09:20:19.169837Z,0.6,55,yes,64bafb2b-8f52-712c-e413-c9f0bdca955c
KXCSGOGAME-MOUVIT825-VIT,2025-11-08T09:19:41.903416Z,0.61,39,yes,4b9f6b8e-8566-4f5f-ee26-a7e837332a4b
KXCSGOGAME-MOUVIT825-VIT,2025-11-08T09:18:38.834294Z,0.63,14,yes,86b0b5a9-fb7a-6ea5-7b81-126a55fb213c
KXCSGOGAME-MOUVIT825-VIT,2025-11-08T09:18:38.834294Z,0.6,500,yes,26e5c449-a87b-6705-66ef-e53ff74a28a3
KXCSGOGAME-MOUVIT825-VIT,2025-11-08T09:18:20.102467Z,0.57,100,yes,2db41358-56fc-59b0-39f5-92e7670de6e3
KXCSGOGAME-MOUVIT825-VIT,2025-11-08T09:18:08.309826Z,0.56,21,yes,7c5e030f-5868-50fb-2c82-bb8973307efd
KXCSGOGAME-MOUVIT825-VIT,2025-11-08T09:16:27.979425Z,0.52,2,yes,8f6fa4b5-206e-4195-a977-fbcbaa6f8593
KXCSGOGAME-MOUVIT825-VIT,2025-11-08T09:16:08.467347Z,0.52,33,yes,32eed150-6732-5bc9-0686-50d5822a32eb
KXCSGOGAME-MOUVIT825-VIT,2025-11-08T09:15:30.925406Z,0.63,15,yes,54728ac5-54e2-7769-48b0-2511581f5150
KXCSGOGAME-MOUVIT825-VIT,2025-11-08T09:14:59.813512Z,0.5,21,yes,6b2903d0-b825-7d34-28b9-38f5926e7023
KXCSGOGAME-MOUVIT825-VIT,2025-11-08T09:14:55.48922Z,0.5,24,yes,ce6d1bd2-d5e9-6ef4-d75b-d91f4ef43a4f
KXCSGOGAME-MOUVIT825-VIT,2025-11-08T09:14:55.48922Z,0.49,74,yes,c8b0194e-9bbc-650b-d669-2c238addecf8
KXCSGOGAME-MOUVIT825-VIT,2025-11-08T09:14:25.301295Z,0.49,70,yes,c2570973-fce4-6187-ac5a-df353b207ec8
KXCSGOGAME-MOUVIT825-VIT,2025-11-08T09:14:10.667433Z,0.47,100,yes,e1b60503-0990-7247-b736-7a483b5a1c74
KXCSGOGAME-MOUVIT825-VIT,2025-11-08T09:14:05.409467Z,0.49,39,yes,959cc707-1750-76bf-8d38-006b0ca3d8d0
KXCSGOGAME-MOUVIT825-VIT,2025-11-08T09:14:05.409467Z,0.48,60,yes,35633c16-5558-7586-9c55-6b79dbd263fb
KXCSGOGAME-MOUVIT825-VIT,2025-11-08T09:13:45.064883Z,0.39,39,no,49f74ef9-c817-7d40-cd93-094a60632145
KXCSGOGAME-MOUVIT825-VIT,2025-11-08T09:12:12.04115Z,0.45,530,no,dda69425-420e-639e-fb38-29f7f5552702
KXCSGOGAME-MOUVIT825-VIT,2025-11-08T09:12:12.04115Z,0.47,25,no,9133b375-95d2-6b7f-e181-c00a434de9b3
KXCSGOGAME-MOUVIT825-VIT,2025-11-08T09:12:12.04115Z,0.48,1,no,8761d14c-ec77-6aa6-ee44-56c5f4c508dc
KXCSGOGAME-MOUVIT825-VIT,2025-11-08T09:12:12.04115Z,0.46,260,no,68f326ee-3a5c-6b83-dff8-473529d085bc
KXCSGOGAME-MOUVIT825-VIT,2025-11-08T09:12:12.04115Z,0.45,2,no,336e2a54-3931-69bf-fa2d-0069918adcb6
KXCSGOGAME-MOUVIT825-VIT,2025-11-08T09:12:12.04115Z,0.46,10,no,0597a33e-a769-6692-f2da-1f74e1b9bf49
KXCSGOGAME-MOUVIT825-VIT,2025-11-08T09:10:48.512333Z,0.58,10,yes,2469ec92-b2dc-775d-fa99-adb8a74415e3
KXCSGOGAME-MOUVIT825-VIT,2025-11-08T09:10:26.772647Z,0.49,25,no,a8127bac-602e-51ae-e0a8-88864535bad7
KXCSGOGAME-MOUVIT825-VIT,2025-11-08T09:10:26.772647Z,0.5,17,no,6206fd7e-59a6-5a32-d9ca-b488834d3700
KXCSGOGAME-MOUVIT825-VIT,2025-11-08T09:10:26.772647Z,0.48,24,no,1d246445-6adb-5d1a-ef01-b1815c1b6d1c
KXCSGOGAME-MOUVIT825-VIT,2025-11-08T09:09:43.169463Z,0.58,100,yes,e775937e-030c-7785-c710-6f34be8f43e3
KXCSGOGAME-MOUVIT825-VIT,2025-11-08T09:09:26.549067Z,0.58,15,yes,8b978ac0-4b2c-5b59-8c87-6529362e9923
KXCSGOGAME-MOUVIT825-VIT,2025-11-08T09:09:12.684417Z,0.58,66,yes,a891652e-a37c-53c9-f34e-c170f87d5323
KXCSGOGAME-MOUVIT825-VIT,2025-11-08T09:08:04.320386Z,0.61,33,yes,b0d93d5f-bbbf-6ced-888b-d8f6f9fb3532
KXCSGOGAME-MOUVIT825-VIT,2025-11-08T09:08:04.320386Z,0.62,48,yes,645100b9-e06a-6df0-9148-ca03c431f6f4
KXCSGOGAME-MOUVIT825-VIT,2025-11-08T09:07:12.688104Z,0.56,17,yes,528af57a-cb70-421b-c014-db5b8248f2b0
KXCSGOGAME-MOUVIT825-VIT,2025-11-08T09:05:52.870946Z,0.5,25,no,c20b493d-621d-612d-3cc3-db5c39e74de5
KXCSGOGAME-MOUVIT825-VIT,2025-11-08T09:05:52.870946Z,0.51,100,no,8d93b531-22bd-674d-098a-13cca754dfa3
KXCSGOGAME-MOUVIT825-VIT,2025-11-08T09:05:52.870946Z,0.51,25,no,2f7b47be-f295-6209-1689-31c142cf570c
KXCSGOGAME-MOUVIT825-VIT,2025-11-08T09:05:45.417384Z,0.55,25,yes,fcfe2586-64de-672e-1154-5214a76a0954
KXCSGOGAME-MOUVIT825-VIT,2025-11-08T09:04:58.764169Z,0.52,25,no,26da9633-7837-7553-a723-401e5d497900
KXCSGOGAME-MOUVIT825-VIT,2025-11-08T09:04:18.929295Z,0.54,4,no,bce7d107-0778-6702-2e76-adc18ba51585
KXCSGOGAME-MOUVIT825-VIT,2025-11-08T09:02:36.596749Z,0.56,2624,yes,3ec9315b-9d65-5467-df3b-2e927fe90b87
KXCSGOGAME-MOUVIT825-VIT,2025-11-08T09:00:16.892042Z,0.56,149,yes,36885344-16d9-6c33-1b35-248d28f25b17
KXCSGOGAME-MOUVIT825-VIT,2025-11-08T08:59:28.092949Z,0.56,6,yes,29d0cc2b-ac65-7fb3-113b-e8ef386b2d6f
KXCSGOGAME-MOUVIT825-VIT,2025-11-08T08:58:26.754299Z,0.58,118,yes,ae7e1d7c-ca71-4633-d04b-5f22f97933db
KXCSGOGAME-MOUVIT825-VIT,2025-11-08T08:58:26.754299Z,0.55,66,yes,61037626-90a9-4564-d619-6cc6c0202f4e
KXCSGOGAME-MOUVIT825-VIT,2025-11-08T08:58:06.814101Z,0.55,17,yes,a41ff771-162d-5180-2186-9991554864c6
KXCSGOGAME-MOUVIT825-VIT,2025-11-08T08:57:35.340001Z,0.55,17,yes,75fd460a-8fbd-4c00-24a7-29a6ff0f2bc6
KXCSGOGAME-MOUVIT825-VIT,2025-11-08T08:55:53.910277Z,0.55,334,yes,2de74ede-6fc9-729f-ee11-be48a53b62bf
KXCSGOGAME-MOUVIT825-VIT,2025-11-08T08:55:17.109753Z,0.55,264,yes,6e943113-8219-73f3-7863-1b03eda576cf
KXCSGOGAME-MOUVIT825-VIT,2025-11-08T08:54:37.76274Z,0.55,29,yes,c90f30b5-b985-7dcb-a5fc-5f3636681a03
KXCSGOGAME-MOUVIT825-VIT,2025-11-08T08:53:44.795965Z,0.55,3,yes,056b3044-a211-6677-ddc2-c1f951168637
KXCSGOGAME-MOUVIT825-VIT,2025-11-08T08:52:56.71028Z,0.56,17,yes,a3422e2a-12e2-5cac-8427-368d2d44d7c0
KXCSGOGAME-MOUVIT825-VIT,2025-11-08T08:52:05.216827Z,0.56,6,yes,aa4ea679-0c92-7834-dbcd-bb53ae1a8014
KXCSGOGAME-MOUVIT825-VIT,2025-11-08T08:51:54.887179Z,0.53,1,no,2301e79d-7744-6c5e-bd01-d6626e4d6a61
KXCSGOGAME-MOUVIT825-VIT,2025-11-08T08:51:42.516768Z,0.57,17,yes,773cad23-6211-596b-8780-dfa32131310f
KXCSGOGAME-MOUVIT825-VIT,2025-11-08T08:51:25.296323Z,0.57,340,yes,58157f42-25b1-4cd7-ae9c-63da739ce2a7
KXCSGOGAME-MOUVIT825-VIT,2025-11-08T08:51:11.95618Z,0.57,17,yes,78bda8bf-aba1-6e23-72ed-a148c3144e4b
KXCSGOGAME-MOUVIT825-VIT,2025-11-08T08:51:10.727537Z,0.57,73,yes,3e9f82ec-ebdd-5527-5105-3ed7ab03982b
KXCSGOGAME-MOUVIT825-VIT,2025-11-08T08:51:06.686583Z,0.57,35,yes,ea13f084-7781-4c6b-71af-b82c46d7902f
KXCSGOGAME-MOUVIT825-VIT,2025-11-08T08:50:34.680851Z,0.57,28,yes,19954946-8165-66ab-eb43-83944f17ff5f
KXCSGOGAME-MOUVIT825-VIT,2025-11-08T08:50:18.831142Z,0.57,85,yes,d2f8a6ce-cecd-6e47-2fce-ab2bfbcc1faf
KXCSGOGAME-MOUVIT825-VIT,2025-11-08T08:50:09.284903Z,0.57,85,yes,b9ee0f38-6929-550f-011a-d1ad3367c77f
KXCSGOGAME-MOUVIT825-VIT,2025-11-08T08:49:45.262198Z,0.57,340,yes,17e6e84f-b8f5-62db-2893-7711dfecac27
KXCSGOGAME-MOUVIT825-VIT,2025-11-08T08:49:40.787537Z,0.57,39,yes,2165b64c-edb1-4ef3-b2f4-afdc3b3c35cf
KXCSGOGAME-MOUVIT825-VIT,2025-11-08T08:49:24.332486Z,0.57,25,yes,a60e7e6c-c171-4853-bebc-8f173c7ddb6f
KXCSGOGAME-MOUVIT825-VIT,2025-11-08T08:49:06.425267Z,0.57,8,yes,b88fe127-5775-506b-4559-24371fce854f
KXCSGOGAME-MOUVIT825-VIT,2025-11-08T08:47:03.358339Z,0.64,381,yes,427e2958-d5dd-47d3-a012-01aad62b7e9f
KXCSGOGAME-MOUVIT825-VIT,2025-11-08T08:46:51.968199Z,0.46,40,no,45aeb627-c049-69d2-a7fa-8e0955480d3d
KXCSGOGAME-MOUVIT825-VIT,2025-11-08T08:46:40.253316Z,0.65,4,yes,fac52782-210a-4e49-ca39-683935a61864
KXCSGOGAME-MOUVIT825-VIT,2025-11-08T08:46:22.280598Z,0.66,147,yes,74198bf4-d724-45bf-caf3-ccdb7f55c0d6
KXCSGOGAME-MOUVIT825-VIT,2025-11-08T08:46:17.737295Z,0.66,98,yes,bf28a4bc-1194-61a7-922c-bc80e6bc0a4a
KXCSGOGAME-MOUVIT825-VIT,2025-11-08T08:46:17.737295Z,0.64,150,yes,866cacc3-20d6-62d8-b19d-e0522cb08aab
KXCSGOGAME-MOUVIT825-VIT,2025-11-08T08:46:17.737295Z,0.64,47,yes,69ba22af-007a-6aa5-a242-bdf15e4f3421
KXCSGOGAME-MOUVIT825-VIT,2025-11-08T08:46:01.377348Z,0.64,3,yes,9a9edc5a-17fa-4541-0703-a6ae0e18cf59
KXCSGOGAME-MOUVIT825-VIT,2025-11-08T08:45:45.381893Z,0.66,22,yes,98917503-3108-476f-7e5b-6b6438158db6
KXCSGOGAME-MOUVIT825-VIT,2025-11-08T08:45:24.048971Z,0.63,25,no,f615563a-84e4-70d1-bbde-5905e0fc2a4e
KXCSGOGAME-MOUVIT825-VIT,2025-11-08T08:45:24.048971Z,0.39,6,no,e9eb315b-9c5f-7bec-8bdf-d1ea660ca395
KXCSGOGAME-MOUVIT825-VIT,2025-11-08T08:45:24.048971Z,0.62,25,no,df351408-18bb-7d12-8e8e-673e7cb26a43
KXCSGOGAME-MOUVIT825-VIT,2025-11-08T08:45:24.048971Z,0.66,25,no,9f2bdbff-244b-7505-95ea-4a8bdaaadc0c
KXCSGOGAME-MOUVIT825-VIT,2025-11-08T08:45:24.048971Z,0.61,300,no,99de4045-971b-7e8e-b232-34359b02f403
KXCSGOGAME-MOUVIT825-VIT,2025-11-08T08:45:24.048971Z,0.64,25,no,5f6547ae-87e3-7e48-8f57-7c98f126b484
KXCSGOGAME-MOUVIT825-VIT,2025-11-08T08:45:24.048971Z,0.65,25,no,4e1c65ae-378e-7b9b-8f25-07736da1c307
KXCSGOGAME-MOUVIT825-VIT,2025-11-08T08:45:24.048971Z,0.51,398,no,4a3be53b-3a04-7f86-9c0c-788a29fe1a69
KXCSGOGAME-MOUVIT825-VIT,2025-11-08T08:45:24.048971Z,0.54,25,no,03949bee-d61f-7419-b846-23dff39bf672
KXCSGOGAME-MOUVIT825-VIT,2025-11-08T08:45:20.933595Z,0.67,5,no,f55f9f3e-3b49-728c-826b-e6ef6e2df61b
KXCSGOGAME-MOUVIT825-VIT,2025-11-08T08:45:08.231803Z,0.67,10,no,fb0871a8-b615-4eb0-a37c-be5d376ab5fb
KXCSGOGAME-MOUVIT825-VIT,2025-11-08T08:39:01.741426Z,0.67,10,no,194df9fd-b6f1-46b0-eefc-59f509cd9c23
KXCSGOGAME-MOUVIT825-VIT,2025-11-08T08:38:50.255048Z,0.8,50,yes,3df00e00-5ac0-632a-e2e0-9393ec704b29
KXCSGOGAME-MOUVIT825-VIT,2025-11-08T08:37:19.141795Z,0.82,147,yes,dac041e7-52a2-6395-25f4-7606f52bb784
KXCSGOGAME-MOUVIT825-VIT,2025-11-08T08:37:19.141795Z,0.83,25,yes,6076998a-efc7-6d63-135f-4d732625d56a
KXCSGOGAME-MOUVIT825-VIT,2025-11-08T08:37:19.141795Z,0.81,10,yes,3e759a4b-c7aa-6311-0115-7b3c6be23e43
KXCSGOGAME-MOUVIT825-VIT,2025-11-08T08:37:19.141795Z,0.84,13,yes,13070204-60f4-6ad3-383e-7a33c1263e06
KXCSGOGAME-MOUVIT825-VIT,2025-11-08T08:36:52.961268Z,0.8,25,yes,fbabe939-6b50-6c17-4389-5805920432dd
KXCSGOGAME-MOUVIT825-VIT,2025-11-08T08:36:52.961268Z,0.81,15,yes,ab52fbe4-2446-67a1-754b-14ea56502f47
KXCSGOGAME-MOUVIT825-VIT,2025-11-08T08:36:52.961268Z,0.77,24,yes,0155c085-3ae1-695d-677c-a914f018d11a
KXCSGOGAME-MOUVIT825-VIT,2025-11-08T08:36:47.970521Z,0.77,1,yes,923903d4-f505-56fd-034e-15b3997fffe6
KXCSGOGAME-MOUVIT825-VIT,2025-11-08T08:36:47.970521Z,0.74,25,yes,794ace7f-7aff-5481-2261-751c2bedf304
KXCSGOGAME-MOUVIT825-VIT,2025-11-08T08:36:47.970521Z,0.64,14,yes,2bc9bda9-4d47-579c-08ea-d1ef2921b96b
KXCSGOGAME-MOUVIT825-VIT,2025-11-08T08:36:43.023603Z,0.64,7,yes,48d50089-20bf-6464-ee31-6704343b9e57
KXCSGOGAME-MOUVIT825-VIT,2025-11-08T08:36:07.018964Z,0.63,24,no,ccc45e33-d0f8-4b79-2117-21e3c92fe863
KXCSGOGAME-MOUVIT825-VIT,2025-11-08T08:35:06.549018Z,0.63,64,no,350e3a17-0688-41f1-3fba-998b85af64d3
KXCSGOGAME-MOUVIT825-VIT,2025-11-08T08:35:00.728341Z,0.65,15,yes,8c21655d-6823-5a3c-826a-cf3f9dea2bdb
KXCSGOGAME-MOUVIT825-VIT,2025-11-08T08:33:36.215429Z,0.64,18,no,9d6c5b74-82eb-512a-7920-ea5018a60086
KXCSGOGAME-MOUVIT825-VIT,2025-11-08T08:33:36.215429Z,0.64,217,no,97f4af31-9027-5f64-5975-1c5ce1bd4ba2
KXCSGOGAME-MOUVIT825-VIT,2025-11-08T08:33:04.206773Z,0.65,25,no,e5703eb7-8912-70f5-123d-41376dcecc2d
KXCSGOGAME-MOUVIT825-VIT,2025-11-08T08:33:04.206773Z,0.66,18,no,df9c4b17-39e4-7480-200e-7eb0363d1900
KXCSGOGAME-MOUVIT825-VIT,2025-11-08T08:33:04.206773Z,0.64,7,no,d163ead5-9cff-7c5e-2045-b14868e68c9a
KXCSGOGAME-MOUVIT825-VIT,2025-11-08T08:32:24.193104Z,0.69,25,no,cbcad297-573b-49c9-bc38-9fb6f3eb147d
KXCSGOGAME-MOUVIT825-VIT,2025-11-08T08:32:24.193104Z,0.68,17,no,b6fc0cbd-a00c-41ef-b151-fce813bbb089
KXCSGOGAME-MOUVIT825-VIT,2025-11-08T08:32:24.193104Z,0.66,7,no,9ef237b3-a920-4364-aa99-dd1d24f2a804
KXCSGOGAME-MOUVIT825-VIT,2025-11-08T08:32:24.193104Z,0.71,1,no,094d1aa8-7e25-40d6-a069-9ac99744b440
KXCSGOGAME-MOUVIT825-VIT,2025-11-08T08:31:19.158682Z,0.72,25,no,884842b2-4160-65c5-439a-ae5706fc5d7a
KXCSGOGAME-MOUVIT825-VIT,2025-11-08T08:31:17.329657Z,0.73,25,no,7ea1f4fb-d9fe-431d-4197-0ee2382a131a
KXCSGOGAME-MOUVIT825-VIT,2025-11-08T08:31:15.133019Z,0.74,25,no,206785f5-0a11-4b3c-76bd-6a1076d34f1d
KXCSGOGAME-MOUVIT825-VIT,2025-11-08T08:31:13.584829Z,0.75,25,no,328f0a38-7409-56e4-c099-4a3570197a39
KXCSGOGAME-MOUVIT825-VIT,2025-11-08T08:30:41.448454Z,0.82,15,yes,ca5ca2bc-0888-503e-9177-02e7f4d690d5
KXCSGOGAME-MOUVIT825-VIT,2025-11-08T08:30:41.448454Z,0.74,82,yes,9a7a1335-0ea8-5294-9daf-51e864f648ce
KXCSGOGAME-MOUVIT825-VIT,2025-11-08T08:30:41.448454Z,0.81,17,yes,510ec4fc-c8ce-5c75-837c-b6a9797ba625
KXCSGOGAME-MOUVIT825-VIT,2025-11-08T08:30:41.448454Z,0.84,11,yes,2c2b199c-fe14-559b-92a9-d98ede658e2a
KXCSGOGAME-MOUVIT825-VIT,2025-11-08T08:30:29.449591Z,0.74,25,no,c6f0e713-e803-4af8-86e2-bed78dd06183
KXCSGOGAME-MOUVIT825-VIT,2025-11-08T08:30:14.083051Z,0.75,25,no,135f9bb1-2b81-4616-8de3-ac4235dda791
KXCSGOGAME-MOUVIT825-VIT,2025-11-08T08:15:31.884736Z,0.81,8,yes,a509a16c-712e-4149-a53c-c2836f7ba219
KXCSGOGAME-MOUVIT825-VIT,2025-11-08T08:14:55.490113Z,0.79,10,no,ed51fbc8-3eb4-6427-f966-fdebf43479d4
KXCSGOGAME-MOUVIT825-VIT,2025-11-08T08:14:38.003054Z,0.79,25,yes,5c392dad-82aa-5acb-ec02-84a619349912
KXCSGOGAME-MOUVIT825-VIT,2025-11-08T08:13:20.846466Z,0.73,132,yes,0f55fc5f-47d4-76d0-7c14-3c8b75aa4994
KXCSGOGAME-MOUVIT825-VIT,2025-11-08T08:12:52.401713Z,0.73,66,yes,c31da91c-501c-7214-99f5-d1facb9c288c
KXCSGOGAME-MOUVIT825-VIT,2025-11-08T08:12:50.661837Z,0.73,25,yes,5403b4a4-2424-57cc-7aa3-d5965bc70900
KXCSGOGAME-MOUVIT825-VIT,2025-11-08T08:12:50.661837Z,0.73,1,yes,3a5dddb8-775c-5f70-465b-724e6f4a06cc
KXCSGOGAME-MOUVIT825-VIT,2025-11-08T08:11:59.198021Z,0.72,25,no,bc18b3b7-d507-5d59-7b1e-0e62a143818b
KXCSGOGAME-MOUVIT825-VIT,2025-11-08T08:11:59.198021Z,0.71,24,no,74a9abbe-e641-5926-4e88-605de2bd0ff4
KXCSGOGAME-MOUVIT825-VIT,2025-11-08T08:11:59.196773Z,0.74,53,no,30f55ef5-972a-7b13-f807-3b61a591cc75
KXCSGOGAME-MOUVIT825-VIT,2025-11-08T08:11:57.737644Z,0.74,1,no,bc0da7dc-f98e-73b7-58dd-53ce39c077a1
KXCSGOGAME-MOUVIT825-VIT,2025-11-08T08:11:50.724654Z,0.75,1,yes,2e5206b7-6160-6bb8-e7d7-2fdbeb0348e4
KXCSGOGAME-MOUVIT825-VIT,2025-11-08T08:11:47.692309Z,0.74,351,no,b39e1f1a-abc2-5c03-0d78-8a6f97a88d2d
KXCSGOGAME-MOUVIT825-VIT,2025-11-08T08:10:11.654396Z,0.75,325,no,e97974fe-fce3-6c8b-d4a8-cfa9a641566b
KXCSGOGAME-MOUVIT825-VIT,2025-11-08T08:09:49.049426Z,0.8,100,yes,f0d473c9-d944-799a-bace-d1399d5de5d8
KXCSGOGAME-MOUVIT825-VIT,2025-11-08T08:09:49.049426Z,0.79,48,yes,3991b1b0-393e-7999-b9e5-91f55a4f1287
KXCSGOGAME-MOUVIT825-VIT,2025-11-08T08:09:46.925318Z,0.75,20,no,2a376a62-f182-4bb4-afdd-d7fa03b5200d
KXCSGOGAME-MOUVIT825-VIT,2025-11-08T08:09:44.85804Z,0.77,1,yes,8b8aa2a5-219a-5369-ae91-3dc7eb0881ce
KXCSGOGAME-MOUVIT825-VIT,2025-11-08T08:09:44.85804Z,0.8,25,yes,68b8880e-363d-5027-86c9-e8e9b67cd2b3
KXCSGOGAME-MOUVIT825-VIT,2025-11-08T08:09:44.85804Z,0.8,28,yes,0d7c44b4-0960-5992-a542-336aa514e634
KXCSGOGAME-MOUVIT825-VIT,2025-11-08T08:09:44.85804Z,0.77,11,yes,078d62fe-d230-5556-8ed3-e36f910095a9
KXCSGOGAME-MOUVIT825-VIT,2025-11-08T08:08:24.800968Z,0.75,22,yes,eea1f6cc-f46e-641c-149e-0dec22a84151
KXCSGOGAME-MOUVIT825-VIT,2025-11-08T08:08:24.800968Z,0.77,4,yes,cd19da6f-1450-6c22-1220-ca7cd82f2975
KXCSGOGAME-MOUVIT825-VIT,2025-11-08T08:07:04.139442Z,0.74,6,yes,cab6def8-b6e0-5f16-ce83-9467c8bebebc
KXCSGOGAME-MOUVIT825-VIT,2025-11-08T08:06:50.272731Z,0.74,8,yes,2d6f51ad-f3b0-7392-612a-276bf1951478
KXCSGOGAME-MOUVIT825-VIT,2025-11-08T08:06:50.272731Z,0.73,25,yes,26f466a0-5c84-7621-5f21-14a4160d40bd
KXCSGOGAME-MOUVIT825-VIT,2025-11-08T08:06:23.314133Z,0.68,3,no,956562ae-1bd8-729b-73a3-6ee3b4e4cc39
KXCSGOGAME-MOUVIT825-VIT,2025-11-08T08:04:26.05105Z,0.68,5,no,2c9b3a4a-79a0-683f-9c0a-16a8a686d461
KXCSGOGAME-MOUVIT825-VIT,2025-11-08T08:02:44.080816Z,0.74,1,yes,94889641-9254-4356-a0be-3965a1b26440
KXCSGOGAME-MOUVIT825-VIT,2025-11-08T08:02:12.665054Z,0.74,254,yes,e8ed15b5-f8fc-49f6-d1a2-7f4b0b8c9074
KXCSGOGAME-MOUVIT825-VIT,2025-11-08T08:00:43.26823Z,0.72,11,yes,c3580c3d-19d3-4b00-86d3-91225a44ef84
KXCSGOGAME-MOUVIT825-VIT,2025-11-08T08:00:43.26823Z,0.73,16,yes,96197e26-acca-4bc0-b88c-dffa9a2cb1ec
KXCSGOGAME-MOUVIT825-VIT,2025-11-08T08:00:43.26823Z,0.75,3,yes,20e27f36-4a4e-4ef4-8aeb-de4abbedac7d
KXCSGOGAME-MOUVIT825-VIT,2025-11-08T08:00:26.000776Z,0.73,11,yes,c103c0c8-d169-6a0f-c63b-634b07a0c8ea
KXCSGOGAME-MOUVIT825-VIT,2025-11-08T08:00:26.000776Z,0.73,9,yes,49cafc84-2a00-6f45-e155-650a9abdbcd3
KXCSGOGAME-MOUVIT825-VIT,2025-11-08T07:58:42.914748Z,0.77,10,no,88b527e0-80d0-5830-f881-eb085cdd1b23
KXCSGOGAME-MOUVIT825-VIT,2025-11-08T07:58:42.913598Z,0.77,15,no,99dbf2e5-f5dc-6bfc-ac00-de39ce2832b3
KXCSGOGAME-MOUVIT825-VIT,2025-11-08T07:58:35.278598Z,0.78,25,no,fb664b65-17ec-691a-b1dd-99ea3f0b3be1
KXCSGOGAME-MOUVIT825-VIT,2025-11-08T07:56:57.424065Z,0.75,25,yes,e7f6af3a-56e7-4d84-2f1c-715e6d1ad6aa
KXCSGOGAME-MOUVIT825-VIT,2025-11-08T07:56:57.424065Z,0.8,390,yes,771abb62-f558-4267-299c-fac9853ea0f0
KXCSGOGAME-MOUVIT825-VIT,2025-11-08T07:56:57.424065Z,0.79,28,yes,6d46607e-ba27-405c-1a24-4bc54bdc19ea
KXCSGOGAME-MOUVIT825-VIT,2025-11-08T07:56:57.424065Z,0.77,25,yes,3c8ce606-8264-469f-0dec-f8a30e8ca898
KXCSGOGAME-MOUVIT825-VIT,2025-11-08T07:56:57.424065Z,0.74,3,yes,364c2d93-c5fb-4510-3a01-ef17cb8d11c7
KXCSGOGAME-MOUVIT825-VIT,2025-11-08T07:56:57.424065Z,0.8,24,yes,28e0a497-6e07-45dc-35e9-492ffd57c3dc
KXCSGOGAME-MOUVIT825-VIT,2025-11-08T07:56:28.000573Z,0.76,46,yes,fa18fcba-e21d-6206-3e4c-6a0217d21048
KXCSGOGAME-MOUVIT825-VIT,2025-11-08T07:56:28.000573Z,0.79,23,yes,79c8f3d4-586f-6930-1cd1-f08420635322
KXCSGOGAME-MOUVIT825-VIT,2025-11-08T07:56:28.000573Z,0.77,25,yes,52c9e77b-afb5-6b11-1491-96c59e761d68
KXCSGOGAME-MOUVIT825-VIT,2025-11-08T07:55:58.38477Z,0.76,5,yes,e5089665-239b-63bf-4e3f-3e914bc6e270
KXCSGOGAME-MOUVIT825-VIT,2025-11-08T07:54:12.110681Z,0.78,63,yes,b72f922e-6954-488c-3831-397d24c0b6da
KXCSGOGAME-MOUVIT825-VIT,2025-11-08T07:53:50.619514Z,0.78,27,yes,9993af91-d95f-71fa-2bae-6960fb2eef53
KXCSGOGAME-MOUVIT825-VIT,2025-11-08T07:53:43.584991Z,0.75,12,yes,fa4fdac8-0492-78c8-4233-fadeca94326d
KXCSGOGAME-MOUVIT825-VIT,2025-11-08T07:53:43.584991Z,0.79,9,yes,97037942-8933-787c-583a-8074698c0426
KXCSGOGAME-MOUVIT825-VIT,2025-11-08T07:53:43.584991Z,0.76,15,yes,8ddfe5e8-5a76-7761-6e60-f074363ba9ad
KXCSGOGAME-MOUVIT825-VIT,2025-11-08T07:53:43.584991Z,0.75,4,yes,3924b8c2-40ce-7681-4862-da4b9ce6877a
KXCSGOGAME-MOUVIT825-VIT,2025-11-08T07:53:43.584991Z,0.74,25,yes,138cbd78-d962-78c1-4016-36d452d28750
KXCSGOGAME-MOUVIT825-VIT,2025-11-08T07:52:57.128374Z,0.73,25,yes,8528f1dd-9ef0-7e17-ae1c-996fce788b1a
KXCSGOGAME-MOUVIT825-VIT,2025-11-08T07:52:57.128374Z,0.75,1,yes,36c10e8e-926a-78f5-9cd9-0530dcc17e5e
KXCSGOGAME-MOUVIT825-VIT,2025-11-08T07:51:40.579249Z,0.74,248,yes,a0ebac74-8583-6196-4d3a-b5f7e32d936b
KXCSGOGAME-MOUVIT825-VIT,2025-11-08T07:51:32.703163Z,0.73,466,yes,abfcfdf5-4d8b-715c-99ef-2c62ae4da465
KXCSGOGAME-MOUVIT825-VIT,2025-11-08T07:50:06.629175Z,0.73,6,yes,491ffc55-ee93-5ed4-a247-4a8a371ccfd1
KXCSGOGAME-MOUVIT825-VIT,2025-11-08T07:49:12.22043Z,0.73,22,yes,5e7ceab7-018f-5280-bda8-764b3817818d
KXCSGOGAME-MOUVIT825-VIT,2025-11-08T07:48:48.496667Z,0.5,8,no,53b894f7-9633-6586-1de6-1fbca77f70f4
KXCSGOGAME-MOUVIT825-VIT,2025-11-08T07:48:35.207848Z,0.73,6,yes,bbb81405-da67-7730-eece-35ab0a16ae61
KXCSGOGAME-MOUVIT825-VIT,2025-11-08T07:46:58.59888Z,0.75,39,yes,8a7f50a3-f5b2-4c61-0589-78f2d2a2054e
KXCSGOGAME-MOUVIT825-VIT,2025-11-08T07:46:28.03158Z,0.75,6,yes,78f22522-e642-6ba5-19cb-301aa2ebb866
KXCSGOGAME-MOUVIT825-VIT,2025-11-08T07:45:01.035394Z,0.78,25,yes,33e6474f-42bd-649d-d6c7-59701c648543
KXCSGOGAME-MOUVIT825-VIT,2025-11-08T07:44:24.758876Z,0.72,37,no,e8bb98e5-01ad-5c83-0b7c-5cddb209ec1c
KXCSGOGAME-MOUVIT825-VIT,2025-11-08T07:44:24.758876Z,0.54,1,no,e5f3d5f1-18a7-5d74-1957-9da41899ef6e
KXCSGOGAME-MOUVIT825-VIT,2025-11-08T07:44:24.758876Z,0.61,25,no,2617bedb-7b05-5200-040e-850588f00624
KXCSGOGAME-MOUVIT825-VIT,2025-11-08T07:44:21.752001Z,0.72,117,no,76d6359c-7cc5-5a1b-e4e5-140bc5de7ee8
KXCSGOGAME-MOUVIT825-VIT,2025-11-08T07:44:21.752001Z,0.74,25,no,64f2616e-6f86-5a75-dbb6-3e2e75aa387e
KXCSGOGAME-MOUVIT825-VIT,2025-11-08T07:44:21.752001Z,0.74,25,no,5d5a0ce7-3150-5379-dfda-697767093389
KXCSGOGAME-MOUVIT825-VIT,2025-11-08T07:44:21.752001Z,0.73,15,no,1fb61f49-9067-5781-c107-d591d67803aa
KXCSGOGAME-MOUVIT825-VIT,2025-11-08T07:44:03.025019Z,0.78,12,yes,72a06a9c-983d-73f5-3112-685cade4ccfb
KXCSGOGAME-MOUVIT825-VIT,2025-11-08T07:42:33.650468Z,0.79,3,yes,907b9244-8319-7159-aef1-7b0fd8e7b6db
KXCSGOGAME-MOUVIT825-VIT,2025-11-08T07:41:21.287677Z,0.77,25,no,944bd5ab-1ce0-4a22-77d0-f481d843cd33
KXCSGOGAME-MOUVIT825-VIT,2025-11-08T07:41:21.287677Z,0.76,168,no,3a2ffb31-7f73-4654-4fe1-8e9749d9c8c9
KXCSGOGAME-MOUVIT825-VIT,2025-11-08T07:41:15.983091Z,0.77,25,no,196fc325-c544-405e-d3f0-0cc1a0b2dd27
KXCSGOGAME-MOUVIT825-VIT,2025-11-08T07:41:14.161385Z,0.77,25,no,81621e8f-5a80-70f6-fd56-2001fb42f90f
KXCSGOGAME-MOUVIT825-VIT,2025-11-08T07:41:12.676718Z,0.77,25,no,41a5bc70-dfa4-5cbe-e4fc-6817f3156487
KXCSGOGAME-MOUVIT825-VIT,2025-11-08T07:41:11.090895Z,0.77,25,no,9442dfb2-9ed2-798c-8b40-96d243b5a3f2
KXCSGOGAME-MOUVIT825-VIT,2025-11-08T07:40:30.204558Z,0.8,1,yes,56b39d29-a457-6d84-99a1-63fc81ce0b34
KXCSGOGAME-MOUVIT825-VIT,2025-11-08T07:40:03.849382Z,0.82,25,yes,992cdf6f-cc80-5952-9afb-092c267c498b
KXCSGOGAME-MOUVIT825-VIT,2025-11-08T07:40:03.849382Z,0.8,25,yes,671922f7-1a3b-5937-ac37-562653bc3348
KXCSGOGAME-MOUVIT825-VIT,2025-11-08T07:40:03.849382Z,0.82,137,yes,3bf78853-5fcd-5d10-ad62-a5d481c35a48
KXCSGOGAME-MOUVIT825-VIT,2025-11-08T07:40:03.849382Z,0.78,25,yes,339de403-817b-5774-bd37-c79f709217be
KXCSGOGAME-MOUVIT825-VIT,2025-11-08T07:39:32.885116Z,0.77,25,yes,5fd29cc1-e846-4aba-df0e-918bd6fe9ccc
KXCSGOGAME-MOUVIT825-VIT,2025-11-08T07:39:19.468294Z,0.76,25,no,6c8dc35d-daf6-7ce6-7233-fb2f8e28637b
KXCSGOGAME-MOUVIT825-VIT,2025-11-08T07:39:19.468294Z,0.76,5,no,2b3c733d-3d77-75c4-43fa-c58ae853a099
KXCSGOGAME-MOUVIT825-VIT,2025-11-08T07:39:11.749948Z,0.77,25,no,2956b8bb-f6f3-42b2-9c74-773206a28cbf
KXCSGOGAME-MOUVIT825-VIT,2025-11-08T07:39:10.035385Z,0.77,25,no,61af2291-ea5f-583e-3601-ec159d59b5c7
KXCSGOGAME-MOUVIT825-VIT,2025-11-08T07:39:08.481567Z,0.77,25,no,95fec933-822f-6f96-3937-44fc97661ae3
KXCSGOGAME-MOUVIT825-VIT,2025-11-08T07:39:06.979827Z,0.78,3,no,a69a57a3-3602-7958-2b3b-774a41be6723
KXCSGOGAME-MOUVIT825-VIT,2025-11-08T07:39:06.979827Z,0.77,22,no,40508260-9e8b-748a-063e-271aea66e233
KXCSGOGAME-MOUVIT825-VIT,2025-11-08T07:38:13.864288Z,0.79,25,no,260cbc0a-faac-6f5b-9dac-66b7e6b33216
KXCSGOGAME-MOUVIT825-VIT,2025-11-08T07:38:13.864288Z,0.78,97,no,1c0ff8e2-ac76-6598-a275-267908d7ddeb
KXCSGOGAME-MOUVIT825-VIT,2025-11-08T07:37:17.774551Z,0.82,25,yes,aa29638b-0e62-55aa-19cc-237e8613cd8e
KXCSGOGAME-MOUVIT825-VIT,2025-11-08T07:37:17.774551Z,0.82,13,yes,98a02374-857c-5265-3133-6ce9dc6128b8
KXCSGOGAME-MOUVIT825-VIT,2025-11-08T07:37:14.833813Z,0.78,25,no,0f214a9d-c0ec-7752-b96e-4282e491d16c
KXCSGOGAME-MOUVIT825-VIT,2025-11-08T07:37:13.104032Z,0.78,25,no,4018b86c-69cc-6586-bd6a-1c33aeb87d20
KXCSGOGAME-MOUVIT825-VIT,2025-11-08T07:37:11.637321Z,0.78,25,no,e4b5040e-3668-6ee2-3464-73fbf54fb15c
KXCSGOGAME-MOUVIT825-VIT,2025-11-08T07:36:50.0334Z,0.77,46,no,eba11b93-452b-5b7e-89b7-a2e609cf5f73
KXCSGOGAME-MOUVIT825-VIT,2025-11-08T07:36:50.0334Z,0.78,78,no,8a75ec6d-4fd4-5604-a0f2-bb9cf33d71bb
KXCSGOGAME-MOUVIT825-VIT,2025-11-08T07:36:24.221667Z,0.78,122,no,1c4240ed-5334-74d4-bcf8-7b4e2c29dc07
KXCSGOGAME-MOUVIT825-VIT,2025-11-08T07:36:24.221667Z,0.78,25,no,013d9067-897d-77ec-9e0e-431b84697b7c
KXCSGOGAME-MOUVIT825-VIT,2025-11-08T07:35:58.933018Z,0.83,25,yes,f703874d-bc3f-6aba-0e74-6d5fa96345cc
KXCSGOGAME-MOUVIT825-VIT,2025-11-08T07:35:58.933018Z,0.84,20,yes,b545ac02-d0e0-61f7-38bd-4b52114d7a0b
KXCSGOGAME-MOUVIT825-VIT,2025-11-08T07:35:58.933018Z,0.85,11,yes,a27dd7c5-cc91-6eb6-16a2-194fa52ceab8
KXCSGOGAME-MOUVIT825-VIT,2025-11-08T07:35:31.153535Z,0.77,41,no,72398194-e6cf-70a2-fc3e-a02b439c463f
KXCSGOGAME-MOUVIT825-VIT,2025-11-08T07:35:31.153535Z,0.78,20,no,2e777949-7bf7-74a5-ea6a-ccc90d28f39c
KXCSGOGAME-MOUVIT825-VIT,2025-11-08T07:34:48.673321Z,0.82,10,yes,ed1a18ff-99db-7b58-d788-644cd93d6260
KXCSGOGAME-MOUVIT825-VIT,2025-11-08T07:34:48.673321Z,0.83,25,yes,a301084b-10fb-77e2-d63e-1f01628a1f76
KXCSGOGAME-MOUVIT825-VIT,2025-11-08T07:34:48.673321Z,0.86,41,yes,201333d6-1dc5-7b9e-e98f-f446610701f4
KXCSGOGAME-MOUVIT825-VIT,2025-11-08T07:34:10.515672Z,0.75,6,no,c09945ab-19a7-64ad-26f3-cb602cb03744
KXCSGOGAME-MOUVIT825-VIT,2025-11-08T07:34:10.515672Z,0.76,10,no,312e2e6e-13b2-62ee-0333-577fc7c80040
KXCSGOGAME-MOUVIT825-VIT,2025-11-08T07:33:39.01296Z,0.86,90,yes,aa6657dd-18d5-6be6-6593-f035544b6b80
KXCSGOGAME-MOUVIT825-VIT,2025-11-08T07:33:39.01296Z,0.84,25,yes,5fec58a6-8d66-63d0-70f1-53261cfa070f
KXCSGOGAME-MOUVIT825-VIT,2025-11-08T07:33:03.151026Z,0.76,25,no,226d0292-40a5-7204-bc67-5d50b0ed6b53
KXCSGOGAME-MOUVIT825-VIT,2025-11-08T07:33:00.626415Z,0.76,25,no,994c7a80-9f4d-65c8-c473-d457417771b7
KXCSGOGAME-MOUVIT825-VIT,2025-11-08T07:32:59.169847Z,0.76,25,no,7e6ab1ab-4f6d-6a98-f315-8067e52ab08f
KXCSGOGAME-MOUVIT825-VIT,2025-11-08T07:32:57.208692Z,0.76,25,no,c519cfd5-faed-4e4c-8686-854c80df8613
KXCSGOGAME-MOUVIT825-VIT,2025-11-08T07:32:56.08399Z,0.76,25,no,1dd09253-2ba5-4138-ef87-3370f73c71bf
KXCSGOGAME-MOUVIT825-VIT,2025-11-08T07:32:54.146275Z,0.77,25,no,7448cb48-843b-7682-3d91-8cc21d4570aa
KXCSGOGAME-MOUVIT825-VIT,2025-11-08T07:32:52.917717Z,0.78,25,no,73723c73-446a-4b20-a1d6-c293dc5d6095
KXCSGOGAME-MOUVIT825-VIT,2025-11-08T07:31:57.918519Z,0.85,25,yes,85b4c5c6-5bac-5f82-89d7-1685ff4704b8
KXCSGOGAME-MOUVIT825-VIT,2025-11-08T07:31:57.918519Z,0.87,188,yes,5e2219ea-198c-5876-80f7-b9e9a4d5df3a
KXCSGOGAME-MOUVIT825-VIT,2025-11-08T07:31:57.918519Z,0.83,15,yes,2b7e327a-7d09-50b7-9613-0b088ae8f8bb
KXCSGOGAME-MOUVIT825-VIT,2025-11-08T07:31:42.874762Z,0.83,10,yes,ed88c6fc-2b65-7083-f6f2-3212e7cfc5ab
KXCSGOGAME-MOUVIT825-VIT,2025-11-08T07:31:04.098258Z,0.87,844,yes,90c016f4-fa78-5dca-a9ad-cc4e30b57cfa
KXCSGOGAME-MOUVIT825-VIT,2025-11-08T07:31:04.098258Z,0.86,10,yes,3e730f6a-8676-548c-9ab4-2c73386b106e
KXCSGOGAME-MOUVIT825-VIT,2025-11-08T07:30:08.278435Z,0.87,20,yes,3d8a4ca4-1eec-6922-74c0-16662650e572
KXCSGOGAME-MOUVIT825-VIT,2025-11-08T07:30:08.278435Z,0.74,43,yes,02f1355a-8888-6a66-452c-8b9c58c6d797
KXCSGOGAME-MOUVIT825-VIT,2025-11-08T07:30:06.628822Z,0.72,5,no,51991bc1-1ba9-67f7-a299-2cfddedb975c
KXCSGOGAME-MOUVIT825-VIT,2025-11-08T07:29:36.206245Z,0.74,50,no,34907f82-fc9d-4d5b-f0c4-76b20bdc51e0
KXCSGOGAME-MOUVIT825-VIT,2025-11-08T07:29:27.826558Z,0.75,25,yes,a031825a-901e-796e-f978-a143b43e1514
KXCSGOGAME-MOUVIT825-VIT,2025-11-08T07:29:10.171526Z,0.7,13,no,3e867036-5f1d-55e7-0931-c9303463ad5c
KXCSGOGAME-MOUVIT825-VIT,2025-11-08T07:28:58.970745Z,0.75,25,no,f0ac1152-bbad-6c47-52a7-ba89d136b4b8
KXCSGOGAME-MOUVIT825-VIT,2025-11-08T07:28:58.630479Z,0.75,24,no,d3e817bf-d41d-68bf-06f1-d24888364930
KXCSGOGAME-MOUVIT825-VIT,2025-11-08T07:28:57.289308Z,0.75,25,no,1b1c2540-db69-66f3-04f8-2337cd8b4884
KXCSGOGAME-MOUVIT825-VIT,2025-11-08T07:28:56.583273Z,0.75,42,no,903b3431-858d-74ab-ec94-193c9d977e60
KXCSGOGAME-MOUVIT825-VIT,2025-11-08T07:28:55.728904Z,0.75,25,no,00cd6624-0a35-642f-59b4-9064240ef05c
KXCSGOGAME-MOUVIT825-VIT,2025-11-08T07:28:53.680068Z,0.75,25,no,d9ddefaf-3629-7d7b-0a3b-7c82d8813754
KXCSGOGAME-MOUVIT825-VIT,2025-11-08T07:28:53.304735Z,0.84,14,yes,968fcb26-b324-5822-d848-122a471a05ba
KXCSGOGAME-MOUVIT825-VIT,2025-11-08T07:28:52.422784Z,0.75,25,no,4a2858f7-ff39-7f5f-ff0a-d32fc756cbd4
KXCSGOGAME-MOUVIT825-VIT,2025-11-08T07:28:50.644261Z,0.75,25,no,05a2c487-421d-621b-1170-204ee6a650bc
KXCSGOGAME-MOUVIT825-VIT,2025-11-08T07:28:49.400304Z,0.75,25,no,0ab865c1-b3e1-427f-97e8-2d0bb1edbe44
KXCSGOGAME-MOUVIT825-VIT,2025-11-08T07:28:47.517759Z,0.75,25,no,79f701b2-82dd-5ecf-17a2-79b49d9b9454
KXCSGOGAME-MOUVIT825-VIT,2025-11-08T07:28:02.354725Z,0.75,25,yes,f625ea1a-9b3f-6284-5d05-775098a0a27b
KXCSGOGAME-MOUVIT825-VIT,2025-11-08T07:28:02.354725Z,0.74,38,yes,ceba56b8-5800-6c13-4564-e43914872896
KXCSGOGAME-MOUVIT825-VIT,2025-11-08T07:28:02.354725Z,0.77,50,yes,6efda4a5-7b68-6639-40b5-ef3b5b80768a
KXCSGOGAME-MOUVIT825-VIT,2025-11-08T07:28:02.354725Z,0.77,80,yes,5a877116-0f70-6420-7c0c-c2c8014d200f
KXCSGOGAME-MOUVIT825-VIT,2025-11-08T07:27:48.048005Z,0.74,2,yes,9df3339d-039a-6c6c-8c03-e90c7203e48f
KXCSGOGAME-MOUVIT825-VIT,2025-11-08T07:26:57.327393Z,0.68,1,yes,a0dbdae7-3f52-7607-9b84-c6d2d6a68d5f
KXCSGOGAME-MOUVIT825-VIT,2025-11-08T07:26:57.327393Z,0.65,10,yes,9ab9fcf8-766c-7f69-b69e-cba293a0a35e
KXCSGOGAME-MOUVIT825-VIT,2025-11-08T07:26:57.327393Z,0.64,25,yes,6795f060-6be3-7738-8f51-00f2765f0b2b
KXCSGOGAME-MOUVIT825-VIT,2025-11-08T07:26:37.529198Z,0.62,25,no,3d737344-a26e-7bbe-ffc0-e957a9cdc889
KXCSGOGAME-MOUVIT825-VIT,2025-11-08T07:26:35.794008Z,0.62,25,no,ba538ce5-216e-481e-69ee-4172c84ea56d
KXCSGOGAME-MOUVIT825-VIT,2025-11-08T07:26:34.575087Z,0.62,25,no,770811f9-e696-4546-7a9b-77d85e648fb1
KXCSGOGAME-MOUVIT825-VIT,2025-11-08T07:26:32.567069Z,0.62,25,no,464e3f19-1722-743a-6bf9-4ac2dffd4fe1
KXCSGOGAME-MOUVIT825-VIT,2025-11-08T07:26:31.240155Z,0.62,25,no,d2d5c756-548a-4b32-ad58-615cac195765
KXCSGOGAME-MOUVIT825-VIT,2025-11-08T07:26:26.758967Z,0.62,71,no,534e4cba-e026-6792-7e3b-d3c4d79af341
KXCSGOGAME-MOUVIT825-VIT,2025-11-08T07:26:26.200307Z,0.6,4,yes,d9aa9d17-a71a-58d6-b003-227a92e07f80
KXCSGOGAME-MOUVIT825-VIT,2025-11-08T07:25:16.302756Z,0.55,29,no,12e7b340-b621-7fb7-ed2c-ab294c8dbc06
KXCSGOGAME-MOUVIT825-VIT,2025-11-08T07:25:13.697108Z,0.55,2,no,7032fb8d-7b69-54cf-88ed-abe9e77d9216
KXCSGOGAME-MOUVIT825-VIT,2025-11-08T07:25:13.661361Z,0.55,2,no,941833c8-77dd-41bf-6ee2-b26e1b3acc5e
KXCSGOGAME-MOUVIT825-VIT,2025-11-08T07:25:13.534579Z,0.55,2,no,d0643226-2069-5847-62e2-15ad78772ec2
KXCSGOGAME-MOUVIT825-VIT,2025-11-08T07:25:01.119718Z,0.6,500,yes,f12e68e3-6c3f-6a27-ac1d-dd2facdab2ac
KXCSGOGAME-MOUVIT825-VIT,2025-11-08T07:25:01.119718Z,0.57,3,yes,7d1c4d0c-7e7d-6e6a-8bb5-6af8dadcbb2e
KXCSGOGAME-MOUVIT825-VIT,2025-11-08T07:25:01.119718Z,0.64,22,yes,7104d218-0ae5-6c61-abc7-5e012193487e
KXCSGOGAME-MOUVIT825-VIT,2025-11-08T07:25:01.119718Z,0.64,267,yes,6ff91de0-4f19-6436-be24-68a6bb96f8da
KXCSGOGAME-MOUVIT825-VIT,2025-11-08T07:24:55.56696Z,0.5,34,yes,b78ec27d-90ce-4e6a-3f28-a3a753f1abad
KXCSGOGAME-MOUVIT825-VIT,2025-11-08T07:24:55.56696Z,0.56,90,yes,5d7ef126-af79-47df-0156-85253a23965c
KXCSGOGAME-MOUVIT825-VIT,2025-11-08T07:24:51.034493Z,0.41,75,no,942c5b95-9813-6749-b10a-72162ac24548
KXCSGOGAME-MOUVIT825-VIT,2025-11-08T07:24:51.034493Z,0.4,62,no,0b3590df-26b3-68b5-a480-d7b00862c626
KXCSGOGAME-MOUVIT825-VIT,2025-11-08T07:24:41.116534Z,0.5,38,yes,93ca9333-f2da-497a-d184-e0dc23c28391
KXCSGOGAME-MOUVIT825-VIT,2025-11-08T07:24:20.920874Z,0.5,3,yes,0360a26d-a116-7abe-86da-a39133a8d635
KXCSGOGAME-MOUVIT825-VIT,2025-11-08T07:23:59.426151Z,0.49,38,yes,fc474985-8816-6fdd-c692-6e94ee87969f
KXCSGOGAME-MOUVIT825-VIT,2025-11-08T07:23:59.426151Z,0.46,64,yes,e0d288d8-7049-6f76-e087-8cefe0426547
KXCSGOGAME-MOUVIT825-VIT,2025-11-08T07:23:36.844799Z,0.45,100,yes,b1dc967c-b79f-5bc8-68f8-89ded614bf56
KXCSGOGAME-MOUVIT825-VIT,2025-11-08T07:23:36.844799Z,0.46,6,yes,72cdc3b4-6179-5d46-5e6a-49b1c1de7dcb
KXCSGOGAME-MOUVIT825-VIT,2025-11-08T07:23:03.702061Z,0.46,209,yes,652e44ce-6908-7396-cc22-952b7157cce9
KXCSGOGAME-MOUVIT825-VIT,2025-11-08T07:22:24.692181Z,0.44,10,yes,c704e854-89ae-7b63-8740-7b747d3df458
KXCSGOGAME-MOUVIT825-VIT,2025-11-08T07:22:24.692181Z,0.45,1,yes,53d9fab9-8b8f-7c4d-a611-0d7483a25a33
KXCSGOGAME-MOUVIT825-VIT,2025-11-08T07:22:24.692181Z,0.46,31,yes,341f3873-5940-74f6-a3d2-7e1d072e4b19
KXCSGOGAME-MOUVIT825-VIT,2025-11-08T07:22:01.910812Z,0.45,106,yes,774d2e29-0487-6105-8a32-0460a62b42c7
KXCSGOGAME-MOUVIT825-VIT,2025-11-08T07:21:40.382172Z,0.45,80,yes,7989fa86-2066-506e-1395-8f3eb1e7a497
KXCSGOGAME-MOUVIT825-VIT,2025-11-08T07:21:40.382172Z,0.45,390,yes,55064f87-7093-58a1-1fed-27c4704cf32b
KXCSGOGAME-MOUVIT825-VIT,2025-11-08T07:21:40.382172Z,0.44,613,yes,30171b8b-38f2-5a83-3c28-6c292ced2f45
KXCSGOGAME-MOUVIT825-VIT,2025-11-08T07:20:48.197092Z,0.44,300,yes,e47df6ad-d43b-4346-7cfc-5e4b763ed861
KXCSGOGAME-MOUVIT825-VIT,2025-11-08T07:20:48.197092Z,0.45,254,yes,d3506b9c-1c16-4226-5d3d-84d6a42a4b3f
KXCSGOGAME-MOUVIT825-VIT,2025-11-08T07:20:48.197092Z,0.42,300,yes,893b151a-0691-44d5-6fb3-83cf446e0276
KXCSGOGAME-MOUVIT825-VIT,2025-11-08T07:20:48.197092Z,0.41,253,yes,7732e983-2f04-4cc1-55f0-43ea75354cf5
KXCSGOGAME-MOUVIT825-VIT,2025-11-08T07:20:48.197092Z,0.44,10,yes,35797852-a5ec-4120-7e45-7870af0dd103
KXCSGOGAME-MOUVIT825-VIT,2025-11-08T07:20:24.329858Z,0.41,23,yes,d9e6ea48-3164-7025-8963-91b00d143209
KXCSGOGAME-MOUVIT825-VIT,2025-11-08T07:20:11.5538Z,0.41,24,yes,c5b1b0b9-e068-67a5-4572-8c7efe3df6c1
KXCSGOGAME-MOUVIT825-VIT,2025-11-08T07:20:11.5538Z,0.41,34,yes,09d91063-6292-6fd2-5fdb-655e6585fd22
KXCSGOGAME-MOUVIT825-VIT,2025-11-08T07:19:52.959523Z,0.41,61,yes,35161be0-c732-496a-2279-d165bfebd7b2
KXCSGOGAME-MOUVIT825-VIT,2025-11-08T07:19:39.189457Z,0.41,5,yes,f6c42e5f-995a-7bfa-a5de-e4bd5ac78016
KXCSGOGAME-MOUVIT825-VIT,2025-11-08T07:19:39.189457Z,0.4,174,yes,c2f4d8e0-de3d-7410-8a76-61b7939f10ac
KXCSGOGAME-MOUVIT825-VIT,2025-11-08T07:19:35.215188Z,0.4,10,yes,66167e3b-d615-6fa0-9d19-4298127f621c
KXCSGOGAME-MOUVIT825-VIT,2025-11-08T07:19:20.724659Z,0.39,4,yes,264dd696-f13f-536f-2605-f6923407ed84
KXCSGOGAME-MOUVIT825-VIT,2025-11-08T07:19:20.724659Z,0.4,116,yes,167043ab-2279-500c-05bc-970b1f4575e4
KXCSGOGAME-MOUVIT825-VIT,2025-11-08T07:19:17.502517Z,0.39,54,yes,32614c99-fdd5-7369-51b0-355fb7eba0c3
KXCSGOGAME-MOUVIT825-VIT,2025-11-08T07:19:17.502517Z,0.39,7,yes,0a327f1f-efff-711b-78fe-af845c1d287c
KXCSGOGAME-MOUVIT825-VIT,2025-11-08T07:17:27.944943Z,0.39,122,yes,30137b6e-bd1d-7c2d-33f8-b4c1dfa58993
KXCSGOGAME-MOUVIT825-VIT,2025-11-08T07:17:06.936658Z,0.39,13,yes,795f725e-b2f5-7b59-5634-8002ebf51033
KXCSGOGAME-MOUVIT825-VIT,2025-11-08T07:15:53.460094Z,0.39,289,yes,46e777c0-de29-7bb1-4cd8-7e8dd59572ff
KXCSGOGAME-MOUVIT825-VIT,2025-11-08T07:15:53.460094Z,0.39,54,yes,185adf51-17c0-7059-6883-be7b00a99c31
KXCSGOGAME-MOUVIT825-VIT,2025-11-08T07:15:45.747327Z,0.38,64,yes,43ce7be5-34d4-47c7-02e9-111cf39ceb07
KXCSGOGAME-MOUVIT825-VIT,2025-11-08T07:15:45.747327Z,0.39,180,yes,42955144-0594-48a9-0478-e0debfc64ff5
KXCSGOGAME-MOUVIT825-VIT,2025-11-08T07:14:48.143601Z,0.38,236,yes,b5c0c473-3930-48ab-6335-831566a8a02f
KXCSGOGAME-MOUVIT825-VIT,2025-11-08T07:14:48.143601Z,0.38,164,yes,1f657c77-8d36-4574-6e7f-3bbef5a44991
KXCSGOGAME-MOUVIT825-VIT,2025-11-08T07:13:43.328725Z,0.38,13,yes,79aa2255-3242-5ca0-545c-9c551851b5d1
KXCSGOGAME-MOUVIT825-VIT,2025-11-08T07:12:12.285815Z,0.38,22,yes,4dc550e1-2c89-5541-acfe-87de4f39eea7
KXCSGOGAME-MOUVIT825-VIT,2025-11-08T07:11:52.877023Z,0.39,2,yes,5667f444-3178-6aa9-105a-789571a207a5
KXCSGOGAME-MOUVIT825-VIT,2025-11-08T07:11:31.996596Z,0.39,64,yes,e2c4bfce-e38c-7fed-1f56-7a4e74475e01
KXCSGOGAME-MOUVIT825-VIT,2025-11-08T07:11:27.312247Z,0.33,25,no,92154b60-79f0-44a3-8c72-80bd13a609a7
KXCSGOGAME-MOUVIT825-VIT,2025-11-08T07:11:05.097696Z,0.33,18,no,a5155e9b-dfc0-7983-e47b-bae94d92657b
KXCSGOGAME-MOUVIT825-VIT,2025-11-08T07:11:05.097696Z,0.34,11,no,20e2657c-6536-7fa8-f02d-6f97849a5a3c
KXCSGOGAME-MOUVIT825-VIT,2025-11-08T07:10:55.447248Z,0.38,21,yes,4037a70b-0bbe-7527-b40b-0223ae1254b1
KXCSGOGAME-MOUVIT825-VIT,2025-11-08T07:10:34.986156Z,0.38,93,yes,e0943e90-7c7e-434f-52e0-88e313bf92ed
KXCSGOGAME-MOUVIT825-VIT,2025-11-08T07:10:34.986156Z,0.36,133,yes,c6378cae-1991-485a-7b6f-f5013ddc53ae
KXCSGOGAME-MOUVIT825-VIT,2025-11-08T07:10:34.986156Z,0.36,300,yes,2d663b36-1c73-4f51-61fe-36fcb038a2fa
KXCSGOGAME-MOUVIT825-VIT,2025-11-08T07:10:16.732814Z,0.36,29,yes,389f0cbe-9051-49ba-9611-fa060f7c13f2
KXCSGOGAME-MOUVIT825-VIT,2025-11-08T07:10:09.815115Z,0.34,94,no,fe1dc543-e69e-74cd-6e21-1fa347e531d5
KXCSGOGAME-MOUVIT825-VIT,2025-11-08T07:10:08.36403Z,0.36,1,yes,2d9e4100-3d79-588a-c405-458adbfefbda
KXCSGOGAME-MOUVIT825-VIT,2025-11-08T07:10:08.184559Z,0.34,6,no,46718607-840a-6495-b952-36f848de33a5
KXCSGOGAME-MOUVIT825-VIT,2025-11-08T07:10:05.380975Z,0.34,25,no,8cff897a-3b22-43ed-a1be-145a3f6e4359
KXCSGOGAME-MOUVIT825-VIT,2025-11-08T07:10:03.357669Z,0.34,25,no,6324c53d-a9da-7ce1-85c3-f70cecd51a45
KXCSGOGAME-MOUVIT825-VIT,2025-11-08T07:09:56.625553Z,0.36,252,yes,24ba64bf-5571-58ca-c200-364931c5591e
KXCSGOGAME-MOUVIT825-VIT,2025-11-08T07:09:49.453748Z,0.36,53,yes,c0021e06-b521-460a-8ea3-8cada367b122
KXCSGOGAME-MOUVIT825-VIT,2025-11-08T07:09:42.006145Z,0.35,100,no,2918d5fd-5a85-62d6-a166-01627f6797e6
KXCSGOGAME-MOUVIT825-VIT,2025-11-08T07:09:28.238087Z,0.36,79,yes,a78d2f1f-5825-7216-45b2-926bf8e87eb6
KXCSGOGAME-MOUVIT825-VIT,2025-11-08T07:09:09.222617Z,0.36,48,yes,a6fff229-f275-56be-8874-21a7e3ed273a
KXCSGOGAME-MOUVIT825-VIT,2025-11-08T07:08:53.982488Z,0.36,199,yes,5a0d0e99-3961-6e86-1349-f2c13ee8ad56
KXCSGOGAME-MOUVIT825-VIT,2025-11-08T07:08:53.44687Z,0.36,50,yes,707f9688-1625-4bde-2b7d-f033ca32a4a6
KXCSGOGAME-MOUVIT825-VIT,2025-11-08T07:08:48.591914Z,0.32,16,no,9b5b13e1-6ef1-4240-a592-558059ec031f
KXCSGOGAME-MOUVIT825-VIT,2025-11-08T07:08:43.582189Z,0.36,156,yes,0ea7b45a-28a9-7836-e0b7-04d0033d0b76
KXCSGOGAME-MOUVIT825-VIT,2025-11-08T07:07:50.718981Z,0.36,300,yes,d5d1f01c-af5a-51a8-93b7-a3c07bfc92f9
KXCSGOGAME-MOUVIT825-VIT,2025-11-08T07:07:50.718981Z,0.37,316,yes,4634bce0-2761-528e-864b-baf0ad855f45
KXCSGOGAME-MOUVIT825-VIT,2025-11-08T07:07:32.842685Z,0.38,1,yes,9206d925-cb7a-7e83-409d-f015e6c8139d
KXCSGOGAME-MOUVIT825-VIT,2025-11-08T07:07:18.375107Z,0.38,63,yes,f012222b-e9be-7e73-9d35-d116a5a0e021
KXCSGOGAME-MOUVIT825-VIT,2025-11-08T07:06:20.991346Z,0.29,66,no,d60861f1-a572-62dc-aaa3-d8a8897b12aa
KXCSGOGAME-MOUVIT825-VIT,2025-11-08T07:06:20.991346Z,0.32,72,no,39f12f7f-2a62-615d-9436-20c7c5dd96b8
KXCSGOGAME-MOUVIT825-VIT,2025-11-08T07:06:16.092951Z,0.32,228,no,67adb817-019a-5071-372b-8bc1ccc8d990
KXCSGOGAME-MOUVIT825-VIT,2025-11-08T07:05:27.742439Z,0.35,10,no,d61f6574-1234-76f6-ed0c-ec60c0e02b2c
KXCSGOGAME-MOUVIT825-VIT,2025-11-08T07:05:15.085735Z,0.45,1,yes,ca91c097-5f46-42e2-22df-fc8e1b2e190f
KXCSGOGAME-MOUVIT825-VIT,2025-11-08T07:03:52.239953Z,0.37,10,no,6c76612d-ea38-5e79-8367-368bac0736ca
KXCSGOGAME-MOUVIT825-VIT,2025-11-08T07:02:59.177133Z,0.37,20,no,596b7227-4ab7-41e2-5c23-ee85d40b9153
KXCSGOGAME-MOUVIT825-VIT,2025-11-08T07:02:53.608927Z,0.4,5,no,8c3885eb-e560-5720-2b11-4d6989804546
KXCSGOGAME-MOUVIT825-VIT,2025-11-08T07:02:50.151398Z,0.41,10,no,b25fccc8-d9ea-542b-6881-d34dfb38c4da
KXCSGOGAME-MOUVIT825-VIT,2025-11-08T07:02:50.151398Z,0.4,15,no,9e026656-24e4-5de8-6a4b-03b9ba0320b6
KXCSGOGAME-MOUVIT825-VIT,2025-11-08T07:02:46.158614Z,0.51,3,yes,851e4002-6525-6622-52d6-b19784ab43d4
KXCSGOGAME-MOUVIT825-VIT,2025-11-08T07:02:46.138956Z,0.51,93,yes,e27f0980-4a45-6b4e-8c90-806e92eeec40
KXCSGOGAME-MOUVIT825-VIT,2025-11-08T07:02:43.250908Z,0.45,150,no,0c98f830-4ca3-7b48-6136-800cdb2b7bf9
KXCSGOGAME-MOUVIT825-VIT,2025-11-08T07:02:41.9527Z,0.51,94,yes,fac1cd54-71bd-6496-f705-39593454afcc
KXCSGOGAME-MOUVIT825-VIT,2025-11-08T07:02:19.765894Z,0.5,23,yes,9cc375d1-5e1a-5b2a-a9b8-6c4d5d7650e7
KXCSGOGAME-MOUVIT825-VIT,2025-11-08T07:02:19.765894Z,0.51,71,yes,6dabbc2c-31c6-5c26-b4af-fb432e0616bf
KXCSGOGAME-MOUVIT825-VIT,2025-11-08T07:02:02.332825Z,0.5,7,yes,981e4211-329a-72c2-2142-477157a34aef
KXCSGOGAME-MOUVIT825-VIT,2025-11-08T07:02:02.332825Z,0.5,12,yes,6fe8f376-06b4-78eb-07db-b1f9af49898a
KXCSGOGAME-MOUVIT825-VIT,2025-11-08T07:01:55.359127Z,0.47,1,yes,fc51f1f4-7e10-6ffc-2528-bffabfdbd34e
KXCSGOGAME-MOUVIT825-VIT,2025-11-08T07:01:14.181365Z,0.48,353,yes,56fa83db-3eb4-64b2-a9e6-bf970a91b34d
KXCSGOGAME-MOUVIT825-VIT,2025-11-08T07:01:14.181365Z,0.48,20,yes,093b5869-9c4d-66dc-864d-2de128ec0a32
KXCSGOGAME-MOUVIT825-VIT,2025-11-08T07:00:09.510687Z,0.47,30,yes,3fb4295a-3335-76e2-83f4-dc13ee58b77d
KXCSGOGAME-MOUVIT825-VIT,2025-11-08T07:00:06.056427Z,0.5,454,yes,b4b9b0b7-981c-4b62-4ce4-4ba46b8c775d
KXCSGOGAME-MOUVIT825-VIT,2025-11-08T07:00:06.056427Z,0.48,20,yes,aa392a18-b84d-4f71-7953-0bcdd34d913b
KXCSGOGAME-MOUVIT825-VIT,2025-11-08T07:00:06.056427Z,0.49,10,yes,8af19092-667b-4963-57dc-e9176e99579a
KXCSGOGAME-MOUVIT825-VIT,2025-11-08T06:59:25.836429Z,0.5,9,yes,8522da1b-5c98-4b6a-8413-a8289d2a1645
KXCSGOGAME-MOUVIT825-VIT,2025-11-08T06:59:11.015583Z,0.51,94,yes,f1a87413-16d2-5eb2-d374-c3cfce2107df
KXCSGOGAME-MOUVIT825-VIT,2025-11-08T06:58:15.192715Z,0.54,16,yes,d5c53159-8ad8-5cc7-423f-3bce7f87ab64
KXCSGOGAME-MOUVIT825-VIT,2025-11-08T06:58:05.34303Z,0.35,30,no,da388c65-e8ab-5906-3daa-13a6a29d0a22
KXCSGOGAME-MOUVIT825-VIT,2025-11-08T06:55:54.202102Z,0.45,1,yes,ec18550f-6e53-5b40-b7f2-34df8b8ae846
KXCSGOGAME-MOUVIT825-VIT,2025-11-08T06:55:54.202102Z,0.57,41,yes,e4243fb1-2928-55ee-bdd2-217165576f15
KXCSGOGAME-MOUVIT825-VIT,2025-11-08T06:53:55.014537Z,0.58,3,yes,2dd43084-6daf-4de9-5928-76e19387711b
KXCSGOGAME-MOUVIT825-VIT,2025-11-08T06:51:19.642729Z,0.59,6,yes,cb841cd8-d127-5cfb-251a-fb7c75d468cc
KXCSGOGAME-MOUVIT825-VIT,2025-11-08T06:51:19.642729Z,0.58,27,yes,79797a5f-ea43-5419-3fd6-d6ea4ae33d4e
KXCSGOGAME-MOUVIT825-VIT,2025-11-08T06:50:23.449707Z,0.59,164,yes,779f7e46-2cab-6a3b-c212-9ba91bee3dcc
KXCSGOGAME-MOUVIT825-VIT,2025-11-08T06:49:04.60157Z,0.59,11,yes,bcfa35c4-4ccd-6851-b6cf-6aef145d6ce7
KXCSGOGAME-MOUVIT825-VIT,2025-11-08T06:47:18.009383Z,0.37,35,no,e9d4274c-a743-58d1-a3d2-3f1c69385266
KXCSGOGAME-MOUVIT825-VIT,2025-11-08T06:47:16.504411Z,0.37,6,no,b47d2439-3857-524d-6b1e-e8403e8e3bf2
KXCSGOGAME-MOUVIT825-VIT,2025-11-08T06:47:00.933704Z,0.37,89,no,eed26e60-7483-672d-5667-7b0232b5184e
KXCSGOGAME-MOUVIT825-VIT,2025-11-08T06:47:00.933704Z,0.4,54,no,08adf846-4ce6-6e32-43ce-38fd0fe674c1
KXCSGOGAME-MOUVIT825-VIT,2025-11-08T06:46:22.132767Z,0.4,46,no,e50b4e37-c612-73ea-6850-f420f09e7649
KXCSGOGAME-MOUVIT825-VIT,2025-11-08T06:46:22.132767Z,0.4,4,no,0ef91058-e675-7ec5-74a0-7b0754ad2bac
KXCSGOGAME-MOUVIT825-VIT,2025-11-08T06:45:45.432668Z,0.64,318,yes,bd839435-818f-7151-9697-54d0f10d6012
KXCSGOGAME-MOUVIT825-VIT,2025-11-08T06:43:46.908191Z,0.41,1,no,8f8ddae4-6936-5977-171c-d9f6dc70665c
KXCSGOGAME-MOUVIT825-VIT,2025-11-08T06:43:46.908191Z,0.41,15,no,47b9ca5e-ea57-5eed-0c58-af3524239fd6
KXCSGOGAME-MOUVIT825-VIT,2025-11-08T06:42:19.824957Z,0.65,6,yes,5405785b-0818-71aa-bb36-74cd1545e9bd
KXCSGOGAME-MOUVIT825-VIT,2025-11-08T06:41:12.547564Z,0.66,42,yes,a4ebb4d5-370f-7091-e9f6-8f185ca3d4a6
KXCSGOGAME-MOUVIT825-VIT,2025-11-08T06:41:02.198643Z,0.66,123,yes,cb3cbbf2-ae8b-67a5-3c13-de03b52c7a2a
KXCSGOGAME-MOUVIT825-VIT,2025-11-08T06:41:02.198643Z,0.65,25,yes,0c46ba86-8599-6dfb-0511-2cae1e9dbccf
KXCSGOGAME-MOUVIT825-VIT,2025-11-08T06:40:54.54622Z,0.65,75,yes,5e162dd7-e3c9-6a27-281e-4ec2a6d3d85f
KXCSGOGAME-MOUVIT825-VIT,2025-11-08T06:37:20.091534Z,0.5,20,no,fb798751-8be1-5f71-587b-3053703b71e7
KXCSGOGAME-MOUVIT825-VIT,2025-11-08T06:37:20.091534Z,0.45,25,no,d08bc388-863f-50f7-6c9d-424d4297743e
KXCSGOGAME-MOUVIT825-VIT,2025-11-08T06:37:20.091534Z,0.42,113,no,ad20ee20-2efc-5cf3-45ac-fb3accbebea1
KXCSGOGAME-MOUVIT825-VIT,2025-11-08T06:37:20.091534Z,0.52,12,no,a7637c3b-12fa-5a50-44c7-d256fa47ae18
KXCSGOGAME-MOUVIT825-VIT,2025-11-08T06:35:56.251779Z,0.52,1,no,8f43e5e9-2461-6c0e-edfb-abe684f781bd
KXCSGOGAME-MOUVIT825-VIT,2025-11-08T06:35:20.219309Z,0.7,2,yes,be9e4c16-0825-4388-994d-d821671c00e7
KXCSGOGAME-MOUVIT825-VIT,2025-11-08T06:35:05.708429Z,0.7,6,yes,93fa152b-b72d-6585-2b1d-9d3a74833bcb
KXCSGOGAME-MOUVIT825-VIT,2025-11-08T06:35:03.07797Z,0.7,3,yes,f56a523b-493b-6374-e38f-4f33e153b8e9
KXCSGOGAME-MOUVIT825-VIT,2025-11-08T06:35:03.07797Z,0.71,135,yes,e82f3ec0-9d74-65a6-ed87-16d886f9ad65
KXCSGOGAME-MOUVIT825-VIT,2025-11-08T06:34:48.083351Z,0.51,10,no,52bdcbd4-da5d-760f-d92d-87cd6977e53f
KXCSGOGAME-MOUVIT825-VIT,2025-11-08T06:33:40.243847Z,0.72,26,yes,47b6eb37-6b78-4e3b-1cac-5823991507d4
KXCSGOGAME-MOUVIT825-VIT,2025-11-08T06:33:21.39039Z,0.59,25,no,35f80133-c7c3-7e0a-b37a-50d923e3d7d6
KXCSGOGAME-MOUVIT825-VIT,2025-11-08T06:33:21.110794Z,0.59,150,no,407d7e4f-60a7-6aba-0013-871aaf1e73d6
KXCSGOGAME-MOUVIT825-VIT,2025-11-08T06:33:20.034186Z,0.59,25,no,893bcd0d-c243-6e3a-56a5-d12d8f7b3ce2
KXCSGOGAME-MOUVIT825-VIT,2025-11-08T06:33:18.673571Z,0.59,25,no,efaed6d8-eda7-595e-798e-435a6ef102f2
KXCSGOGAME-MOUVIT825-VIT,2025-11-08T06:33:17.141544Z,0.59,25,no,8bab7f04-be5b-730e-a5ca-9a59d2eebe86
KXCSGOGAME-MOUVIT825-VIT,2025-11-08T06:33:15.81536Z,0.59,25,no,7d7c23b9-2847-5dc6-a33c-4a5845e3f036
KXCSGOGAME-MOUVIT825-VIT,2025-11-08T06:33:14.387135Z,0.59,25,no,93ac6cc2-890f-6f7e-50f5-2cd69c793592
KXCSGOGAME-MOUVIT825-VIT,2025-11-08T06:33:12.893661Z,0.59,25,no,fd70dc1b-8493-6626-a726-03a81e8eff42
KXCSGOGAME-MOUVIT825-VIT,2025-11-08T06:33:11.804715Z,0.59,150,no,07773abc-e6b7-50ea-9fdc-8c2aea8cea72
KXCSGOGAME-MOUVIT825-VIT,2025-11-08T06:33:11.625851Z,0.59,25,no,a40cb076-f917-6a42-ac96-1de1452336e2
KXCSGOGAME-MOUVIT825-VIT,2025-11-08T06:32:01.540795Z,0.59,22,no,6746706f-4ffb-7e49-b11d-d42b61e65deb
KXCSGOGAME-MOUVIT825-VIT,2025-11-08T06:32:01.540795Z,0.6,3,no,5de1fcbf-1955-724e-a80d-e95ae8c214b4
KXCSGOGAME-MOUVIT825-VIT,2025-11-08T06:31:30.302486Z,0.61,2,no,71ddd432-023d-7c4d-bc1d-f57ee2936acb
KXCSGOGAME-MOUVIT825-VIT,2025-11-08T06:30:43.30989Z,0.67,2,yes,180edc2a-1e67-6954-f14d-a8e2532e5991
KXCSGOGAME-MOUVIT825-VIT,2025-11-08T06:28:38.13477Z,0.64,71,yes,35ec1499-f292-52e3-40f3-1f85bca7b9cc
KXCSGOGAME-MOUVIT825-VIT,2025-11-08T06:28:05.990457Z,0.64,38,yes,31f1359e-820e-5073-649f-e56b6cd2d340
KXCSGOGAME-MOUVIT825-VIT,2025-11-08T06:27:16.328305Z,0.64,45,yes,0f0b8c1a-2902-6da7-5e84-f140540af814
KXCSGOGAME-MOUVIT825-VIT,2025-11-08T06:27:12.485146Z,0.64,25,yes,5c4b48be-de96-51bf-5d00-577f35673388
KXCSGOGAME-MOUVIT825-VIT,2025-11-08T06:26:51.758972Z,0.64,30,yes,1a811936-ac6e-55ab-56d0-65287cb43534
KXCSGOGAME-MOUVIT825-VIT,2025-11-08T06:25:18.7406Z,0.63,81,yes,622b7612-0daa-7ca9-6a16-3315bb81d5c7
KXCSGOGAME-MOUVIT825-VIT,2025-11-08T06:25:18.7406Z,0.64,269,yes,25788587-cce2-72df-45a9-849813359cec
KXCSGOGAME-MOUVIT825-VIT,2025-11-08T06:24:43.795308Z,0.63,15,yes,88504171-4896-5b71-2f49-c0c68888b377
KXCSGOGAME-MOUVIT825-VIT,2025-11-08T06:23:13.304647Z,0.63,7,yes,3554dcdd-bde6-4a9d-867d-23c91a428b23
KXCSGOGAME-MOUVIT825-VIT,2025-11-08T06:19:30.797835Z,0.63,15,yes,b2e439fa-9556-67f9-2fec-9242f1eceadb
KXCSGOGAME-MOUVIT825-VIT,2025-11-08T06:16:47.57101Z,0.64,7,yes,e60df87b-98ea-79c3-8d87-8395293ea38c
KXCSGOGAME-MOUVIT825-VIT,2025-11-08T06:15:49.526246Z,0.64,228,yes,04df75e2-9d62-667f-e04c-bae2fcbdd918
KXCSGOGAME-MOUVIT825-VIT,2025-11-08T06:14:38.596523Z,0.64,153,yes,cefdae96-c15e-74df-d604-66d751e64050
KXCSGOGAME-MOUVIT825-VIT,2025-11-08T06:11:46.497463Z,0.65,26,yes,5191557d-d34a-7ee5-6ff9-7a7b120aed13
KXCSGOGAME-MOUVIT825-VIT,2025-11-08T06:11:44.618209Z,0.65,45,yes,fba3a90a-765e-6bb1-7731-9c96968f6863
KXCSGOGAME-MOUVIT825-VIT,2025-11-08T06:11:32.202045Z,0.65,75,yes,540eb166-8f56-4c55-4bc5-8adaa402110b
KXCSGOGAME-MOUVIT825-VIT,2025-11-08T06:11:06.784466Z,0.65,84,yes,ab0db8d7-f0e0-4c59-372b-19ef54680f51
KXCSGOGAME-MOUVIT825-VIT,2025-11-08T06:11:06.784466Z,0.65,36,yes,008aaef3-eee6-4239-2cb5-8b7545fa933b
KXCSGOGAME-MOUVIT825-VIT,2025-11-08T06:09:38.665718Z,0.65,30,yes,6dd21e69-b800-5c9d-41b0-63240fc2e7d1
KXCSGOGAME-MOUVIT825-VIT,2025-11-08T06:07:51.570045Z,0.65,30,yes,7780546b-b104-6301-343e-1fb7ee31e9bd
KXCSGOGAME-MOUVIT825-VIT,2025-11-08T06:05:19.870295Z,0.65,669,yes,79293f9d-44bc-6091-3e10-38a2434749e9
KXCSGOGAME-MOUVIT825-VIT,2025-11-08T06:04:59.732265Z,0.62,25,no,e9a1b7c8-e103-5a62-bbce-cc6b7682ac14
KXCSGOGAME-MOUVIT825-VIT,2025-11-08T06:04:58.544425Z,0.64,6,no,bfe256b7-8a92-7750-76b2-5bbb7ec757f0
KXCSGOGAME-MOUVIT825-VIT,2025-11-08T06:04:58.544425Z,0.62,19,no,973611c2-3fdf-7c12-6448-bb138d123e20
KXCSGOGAME-MOUVIT825-VIT,2025-11-08T06:02:34.126876Z,0.65,80,yes,59fcf8ae-c540-46c1-f4b4-f751e38d2431
KXCSGOGAME-MOUVIT825-VIT,2025-11-08T06:00:54.005146Z,0.64,25,no,19174d68-04de-640c-ed58-15a9e84626f4
KXCSGOGAME-MOUVIT825-VIT,2025-11-08T06:00:52.233929Z,0.64,25,no,11896495-cec6-5cc4-93e5-2f2e32687818
KXCSGOGAME-MOUVIT825-VIT,2025-11-08T06:00:50.673029Z,0.64,25,no,6b94ee34-bc7a-7674-4939-1c59c53bf35c
KXCSGOGAME-MOUVIT825-VIT,2025-11-08T06:00:49.132052Z,0.64,25,no,0b9152b4-62c6-4c70-4899-0cb1768428e4
KXCSGOGAME-MOUVIT825-VIT,2025-11-08T06:00:47.658457Z,0.64,25,no,3297b766-858e-6530-e709-0261198b4404
KXCSGOGAME-MOUVIT825-VIT,2025-11-08T06:00:46.130157Z,0.64,25,no,12f5c8f4-3006-4dec-97dd-63443aad89f8
KXCSGOGAME-MOUVIT825-VIT,2025-11-08T06:00:44.53899Z,0.64,25,no,3d6e722e-71fe-4e14-f3a2-59e035f18edc
KXCSGOGAME-MOUVIT825-VIT,2025-11-08T06:00:42.896198Z,0.64,25,no,d46b588f-4266-5a70-b492-248d6b17d410
KXCSGOGAME-MOUVIT825-VIT,2025-11-08T06:00:41.389368Z,0.64,25,no,fad469cb-9d82-73bc-92d4-fc1e6b9a4140
KXCSGOGAME-MOUVIT825-VIT,2025-11-08T06:00:39.594969Z,0.64,25,no,28f42a71-4cc2-6a3c-46ce-0ac6bc92a294
KXCSGOGAME-MOUVIT825-VIT,2025-11-08T06:00:37.939912Z,0.64,25,no,8aed7f32-358a-5c8c-5973-9056789ca674
KXCSGOGAME-MOUVIT825-VIT,2025-11-08T06:00:36.287808Z,0.64,25,no,a3e9296b-ba6a-475c-1ba8-86f2096b8420
KXCSGOGAME-MOUVIT825-VIT,2025-11-08T06:00:34.812447Z,0.64,25,no,a1686d6b-a63a-4ad8-abf4-8b188902ce40
KXCSGOGAME-MOUVIT825-VIT,2025-11-08T06:00:32.861406Z,0.64,25,no,4c421726-98da-6444-3a0b-5379e4227b60
KXCSGOGAME-MOUVIT825-VIT,2025-11-08T06:00:31.3747Z,0.64,25,no,308863ff-a9be-5e00-6717-30f8ff55bd84
KXCSGOGAME-MOUVIT825-VIT,2025-11-08T06:00:29.821338Z,0.64,25,no,4e3f871e-1ef2-60b8-c0a0-1624dafaf95c
KXCSGOGAME-MOUVIT825-VIT,2025-11-08T06:00:28.224941Z,0.64,25,no,0fcca636-07b2-48e8-43a8-68bfa58ca9d8
KXCSGOGAME-MOUVIT825-VIT,2025-11-08T06:00:26.729071Z,0.64,25,no,137290cc-1a76-4438-00fa-b9a21329ba80
KXCSGOGAME-MOUVIT825-VIT,2025-11-08T06:00:25.284791Z,0.64,25,no,19ee1c32-1a6e-6a5c-c585-7e8ab944334c
KXCSGOGAME-MOUVIT825-VIT,2025-11-08T06:00:23.810365Z,0.64,25,no,4a471272-1006-72b0-bd40-3b363548109c
KXCSGOGAME-MOUVIT825-VIT,2025-11-08T06:00:22.17191Z,0.64,25,no,88206be1-b8ba-5308-4c42-96af652aa25c
KXCSGOGAME-MOUVIT825-VIT,2025-11-08T06:00:20.456072Z,0.64,25,no,9d424e08-440e-7e38-d66a-996c129d2b84
KXCSGOGAME-MOUVIT825-VIT,2025-11-08T06:00:18.677171Z,0.64,25,no,ab58731c-6396-5c8c-7965-d8d9505c9f1c
KXCSGOGAME-MOUVIT825-VIT,2025-11-08T05:59:46.998521Z,0.65,43,yes,ceb57d26-64dc-6f9d-d18d-d8e44d66ad21
KXCSGOGAME-MOUVIT825-VIT,2025-11-08T05:58:41.484891Z,0.65,51,yes,d02c5ad4-037c-4205-b4fd-fb53318c6915
KXCSGOGAME-MOUVIT825-VIT,2025-11-08T05:57:47.822008Z,0.64,70,no,6ee32bc0-1ce6-519c-7a60-7464c79d2cb8
KXCSGOGAME-MOUVIT825-VIT,2025-11-08T05:57:34.243279Z,0.65,8,yes,3462e085-4a60-6049-c0ec-fde43aaf49e1
KXCSGOGAME-MOUVIT825-VIT,2025-11-08T05:57:29.279511Z,0.64,150,no,4015f7a4-d0ae-5a08-6bcf-5993e92efe80
KXCSGOGAME-MOUVIT825-VIT,2025-11-08T05:57:00.404096Z,0.65,1000,yes,efec389d-d947-7cc7-67e2-ac4394db43ed
KXCSGOGAME-MOUVIT825-VIT,2025-11-08T05:57:00.404096Z,0.65,1248,yes,47085eb2-51ea-7f31-4af2-f33701c1a91c
KXCSGOGAME-MOUVIT825-VIT,2025-11-08T05:57:00.404096Z,0.65,505,yes,365b70d9-37d0-7235-54e8-7e79064329a5
KXCSGOGAME-MOUVIT825-VIT,2025-11-08T05:54:36.940998Z,0.64,1000,no,9092e656-04ea-7060-8ee2-9970f8decda4
KXCSGOGAME-MOUVIT825-VIT,2025-11-08T05:54:12.239408Z,0.65,226,yes,b9beefda-a586-485d-f481-ad9a562a72ec
KXCSGOGAME-MOUVIT825-VIT,2025-11-08T05:53:57.764169Z,0.64,48,no,67152140-5d52-626c-3431-9c120dc843ec
KXCSGOGAME-MOUVIT825-VIT,2025-11-08T05:51:50.594777Z,0.64,300,no,97d0d2c2-c122-7764-70fd-8a3753cbb18c
KXCSGOGAME-MOUVIT825-VIT,2025-11-08T05:51:25.51563Z,0.65,60,yes,8985f712-d71a-4431-f164-1535cb606870
KXCSGOGAME-MOUVIT825-VIT,2025-11-08T05:51:08.561544Z,0.65,25,yes,f81412ff-1912-45c5-9c2d-0e95cd0b2914
KXCSGOGAME-MOUVIT825-VIT,2025-11-08T05:50:23.047599Z,0.64,100,no,a47464d6-c556-7878-96fe-087061894160
KXCSGOGAME-MOUVIT825-VIT,2025-11-08T05:50:17.461971Z,0.65,39,yes,66b6f545-2bb2-691d-2d25-e3dfa4ef3c78
KXCSGOGAME-MOUVIT825-VIT,2025-11-08T05:49:35.627988Z,0.65,15,yes,756c9f60-aa5a-4985-4e9f-7aafdc3e8624
KXCSGOGAME-MOUVIT825-VIT,2025-11-08T05:49:10.606669Z,0.64,23,no,91275dff-46f6-7e54-27c8-e0d1ddc39be4
KXCSGOGAME-MOUVIT825-VIT,2025-11-08T05:48:08.023947Z,0.65,6,yes,7b634b61-9fce-6805-680f-e3d5aab10560
KXCSGOGAME-MOUVIT825-VIT,2025-11-08T05:47:57.547132Z,0.65,1,yes,ebd207d7-d1aa-543d-6574-79baa7aecdfc
KXCSGOGAME-MOUVIT825-VIT,2025-11-08T05:46:52.969586Z,0.65,6,yes,c6380539-31d6-7e49-fdf6-9f87d1bcfb08
KXCSGOGAME-MOUVIT825-VIT,2025-11-08T05:46:41.404231Z,0.65,450,yes,7224b147-5cfe-7d1d-60ca-5f9bc3b5dd58
KXCSGOGAME-MOUVIT825-VIT,2025-11-08T05:46:26.878737Z,0.65,2924,yes,a5e514a6-fd36-7069-d73c-aab54ea2c380
KXCSGOGAME-MOUVIT825-VIT,2025-11-08T05:46:26.878737Z,0.65,79,yes,87d84837-b734-7be1-daa8-03f5bfc3c2ed
KXCSGOGAME-MOUVIT825-VIT,2025-11-08T05:46:23.2072Z,0.65,90,yes,342e695c-1e24-7a95-7d11-553fa27c98f9
KXCSGOGAME-MOUVIT825-VIT,2025-11-08T05:46:00.625933Z,0.65,60,yes,3632533a-58dc-49bd-cc18-7a6c36a01f71
KXCSGOGAME-MOUVIT825-VIT,2025-11-08T05:45:49.19371Z,0.65,15,yes,42a2b023-4b9c-5779-4642-bf0c954d075d
KXCSGOGAME-MOUVIT825-VIT,2025-11-08T05:44:41.265902Z,0.65,495,yes,688fd31d-4e70-75a9-f95a-dd9aa6dd13f5
KXCSGOGAME-MOUVIT825-VIT,2025-11-08T05:43:57.017935Z,0.65,39,yes,f199ab38-d47c-44c7-37fb-a7a8f1d671a9
KXCSGOGAME-MOUVIT825-VIT,2025-11-08T05:43:57.017935Z,0.65,261,yes,88ec7568-473c-47ad-19fa-8bab92c77d3d
KXCSGOGAME-MOUVIT825-VIT,2025-11-08T05:43:16.732612Z,0.65,211,yes,7e990b1e-8a00-5e07-e8e9-70f1ab8beda9
KXCSGOGAME-MOUVIT825-VIT,2025-11-08T05:43:02.997461Z,0.64,30,no,f9ef6dfd-132e-6288-2a90-e92def02b9b4
KXCSGOGAME-MOUVIT825-VIT,2025-11-08T05:41:45.890613Z,0.65,30,yes,674ede93-37a0-7f6f-a2f5-985e52f451d9
KXCSGOGAME-MOUVIT825-VIT,2025-11-08T05:41:28.021392Z,0.65,15,yes,a49add6d-37a4-7a83-6c5e-bdae4e396329
KXCSGOGAME-MOUVIT825-VIT,2025-11-08T05:41:05.104238Z,0.65,205,yes,f3ad0c8a-7420-5c93-0002-6059cb69a879
KXCSGOGAME-MOUVIT825-VIT,2025-11-08T05:41:05.104238Z,0.65,200,yes,eee8249e-b3fe-5abf-3463-fc433853f122
KXCSGOGAME-MOUVIT825-VIT,2025-11-08T05:41:05.104238Z,0.65,595,yes,0c28b4d8-6bf8-532b-0ce2-80879ee66414
KXCSGOGAME-MOUVIT825-VIT,2025-11-08T05:39:28.810664Z,0.65,150,yes,9e83ca89-b4a0-6883-837f-ac89f1c37ae0
KXCSGOGAME-MOUVIT825-VIT,2025-11-08T05:38:59.844256Z,0.65,152,yes,4a82833c-4368-538b-f3ec-bc9147d6e3d0
KXCSGOGAME-MOUVIT825-VIT,2025-11-08T05:38:31.87948Z,0.64,1000,yes,f45c618e-f8b2-597b-54e2-a18579e0d5a3
KXCSGOGAME-MOUVIT825-VIT,2025-11-08T05:38:31.87948Z,0.63,500,yes,a8e49733-93c6-518e-43b4-6ec6043d07a4
KXCSGOGAME-MOUVIT825-VIT,2025-11-08T05:38:31.87948Z,0.62,198,yes,9c3d2cc6-80a5-55af-520a-b58f577ce0e2
KXCSGOGAME-MOUVIT825-VIT,2025-11-08T05:36:51.10806Z,0.62,39,yes,24f3908b-62c9-7f77-c6d6-a2cc074807ae
KXCSGOGAME-MOUVIT825-VIT,2025-11-08T05:34:41.377415Z,0.62,75,yes,cfed7da7-10d9-4a17-e312-ae62d83b2d02
KXCSGOGAME-MOUVIT825-VIT,2025-11-08T05:26:46.111401Z,0.64,15,yes,cc5c9176-7659-64a7-ca64-346db4a2f692
KXCSGOGAME-MOUVIT825-VIT,2025-11-08T05:25:23.583696Z,0.64,150,yes,d19a8084-fc89-7d63-bb5e-9768e65abeb2
KXCSGOGAME-MOUVIT825-VIT,2025-11-08T05:25:13.316937Z,0.64,23,yes,25df3d38-af89-5163-7fb3-c85ae719271a
KXCSGOGAME-MOUVIT825-VIT,2025-11-08T05:15:09.74734Z,0.65,103,yes,df279eac-16b0-74ff-9a34-097922338344
KXCSGOGAME-MOUVIT825-VIT,2025-11-08T05:10:56.477093Z,0.65,438,yes,f95ba262-e680-63b1-0c7a-be3bb8075fd8
KXCSGOGAME-MOUVIT825-VIT,2025-11-08T05:10:56.477093Z,0.64,1000,yes,b151f90c-08b5-677b-3448-692435386b6e
KXCSGOGAME-MOUVIT825-VIT,2025-11-08T05:10:56.477093Z,0.69,1274,yes,8130ad9b-4cbb-656b-285b-4a01d98ebe3c
KXCSGOGAME-MOUVIT825-VIT,2025-11-08T05:10:56.477093Z,0.65,782,yes,518d1e31-1944-685c-0439-c98695ddc48f
KXCSGOGAME-MOUVIT825-VIT,2025-11-08T05:10:56.477093Z,0.65,200,yes,31771643-43e7-643c-1f19-9352a530093e
KXCSGOGAME-MOUVIT825-VIT,2025-11-08T05:08:46.525569Z,0.63,122,yes,ed367ee4-2a54-46af-650d-9aeb0cc01a85
KXCSGOGAME-MOUVIT825-VIT,2025-11-08T05:08:46.525569Z,0.64,62,yes,a51c0e0a-3c78-45c5-681e-2d8c9c7575b4
KXCSGOGAME-MOUVIT825-VIT,2025-11-08T05:08:38.522551Z,0.63,30,yes,9920b7c5-2194-4c67-e1bf-3ae046459995
KXCSGOGAME-MOUVIT825-VIT,2025-11-08T05:08:16.079682Z,0.6,2,yes,ee3baf1c-109c-6d96-7aa9-e3eab3f521ad
KXCSGOGAME-MOUVIT825-VIT,2025-11-08T05:08:16.079682Z,0.63,55,yes,19d1273d-b3dc-66df-75b7-f3bf6f5d422d
KXCSGOGAME-MOUVIT825-VIT,2025-11-08T05:06:30.023967Z,0.63,22,yes,5e29be75-9fa0-72df-a309-1519370514d1
KXCSGOGAME-MOUVIT825-VIT,2025-11-08T05:06:30.023967Z,0.6,1,yes,54a4d163-c739-7331-9d5e-6642b4206696
KXCSGOGAME-MOUVIT825-VIT,2025-11-08T05:05:43.868273Z,0.63,150,yes,92c95d6f-58c0-7aa7-52f4-78796c1eea79
KXCSGOGAME-MOUVIT825-VIT,2025-11-08T05:05:30.939155Z,0.63,26,yes,929de4b5-dc60-6a77-e792-141b62d99c09
KXCSGOGAME-MOUVIT825-VIT,2025-11-08T05:05:00.865261Z,0.62,2,no,f6cff2f7-ec1f-7929-fe34-a89aca8c7c27
KXCSGOGAME-MOUVIT825-VIT,2025-11-08T05:05:00.865261Z,0.6,42,no,95b664f1-5608-7fb1-d32d-1a119a332ada
KXCSGOGAME-MOUVIT825-VIT,2025-11-08T05:05:00.865261Z,0.6,57,no,52e26b17-01a7-7d85-c1a7-747fab7d584f
KXCSGOGAME-MOUVIT825-VIT,2025-11-08T05:05:00.865261Z,0.62,20,no,51a20690-1383-7fe6-e189-283859197c80
KXCSGOGAME-MOUVIT825-VIT,2025-11-08T05:03:20.503333Z,0.65,73,yes,bddeedc5-35f0-5544-8c52-fe0cc1f5def7
KXCSGOGAME-MOUVIT825-VIT,2025-11-08T05:00:03.129482Z,0.67,145,yes,c15ed8a6-7d70-6c74-c8da-a8f8a06a6807
KXCSGOGAME-MOUVIT825-VIT,2025-11-08T04:59:40.329797Z,0.65,100,yes,394e11a9-1826-712a-a628-b735e2aec3a4
KXCSGOGAME-MOUVIT825-VIT,2025-11-08T04:54:21.219128Z,0.69,70,yes,405ad8d4-a97b-7a32-cc25-2c7912d53c4f
KXCSGOGAME-MOUVIT825-VIT,2025-11-08T04:53:34.511112Z,0.69,47,yes,7cc52bb1-ce68-5094-db7e-f7bd71d59f16
KXCSGOGAME-MOUVIT825-VIT,2025-11-08T04:51:35.783839Z,0.71,150,yes,e8ece53e-55c8-6c69-124c-5a916f115511
KXCSGOGAME-MOUVIT825-VIT,2025-11-08T04:51:35.783839Z,0.73,49,yes,e32afff7-85b0-6561-0f1c-b26002282c3a
KXCSGOGAME-MOUVIT825-VIT,2025-11-08T04:51:35.783839Z,0.62,956,yes,b38953c2-1624-6a2d-3675-dd3220fdf987
KXCSGOGAME-MOUVIT825-VIT,2025-11-08T04:51:35.783839Z,0.89,100,yes,b1d8d6c5-ece9-6636-3212-60db26ff5ff1
KXCSGOGAME-MOUVIT825-VIT,2025-11-08T04:51:35.783839Z,0.65,200,yes,98551154-6373-6f4a-2a83-55505c2341a6
KXCSGOGAME-MOUVIT825-VIT,2025-11-08T04:51:35.783839Z,0.62,500,yes,97116155-dc47-6394-17ae-67e612515189
KXCSGOGAME-MOUVIT825-VIT,2025-11-08T04:51:35.783839Z,0.96,652,yes,8d80e078-597f-68f0-0f55-d78ea45f1870
KXCSGOGAME-MOUVIT825-VIT,2025-11-08T04:51:35.783839Z,0.9,20,yes,8504781d-65b6-6496-2765-76e57f6af0dd
KXCSGOGAME-MOUVIT825-VIT,2025-11-08T04:51:35.783839Z,0.82,2000,yes,72bd64d5-2b8e-6af0-087a-b100e6b766cd
KXCSGOGAME-MOUVIT825-VIT,2025-11-08T04:51:35.783839Z,0.72,5000,yes,3344cac6-e595-6547-1bd0-e6a9be95b420
KXCSGOGAME-MOUVIT825-VIT,2025-11-08T04:51:35.783839Z,0.61,961,yes,32ef815c-b87e-60b4-2839-815865636655
KXCSGOGAME-MOUVIT825-VIT,2025-11-08T04:51:35.783839Z,0.63,11552,yes,20794a7a-2b88-6cf4-109e-504e44592d14
KXCSGOGAME-MOUVIT825-VIT,2025-11-08T04:44:51.37126Z,0.61,39,yes,ad34712c-719a-6cc8-0ace-5021a1b78d2d
KXCSGOGAME-MOUVIT825-VIT,2025-11-08T04:33:28.584778Z,0.62,44,yes,20511795-10d4-6ed9-1b1a-c3f8cc216073
KXCSGOGAME-MOUVIT825-VIT,2025-11-08T04:23:56.307805Z,0.63,77,yes,9ff3a8bd-9944-503c-3132-79ee2b917e38
KXCSGOGAME-MOUVIT825-VIT,2025-11-08T04:23:48.580547Z,0.63,62,yes,209f1f45-2af8-6804-2ee6-8a4f33e19fd8
KXCSGOGAME-MOUVIT825-VIT,2025-11-08T04:23:43.19389Z,0.63,309,yes,572a5528-d64c-4a40-334d-25d147275d58
KXCSGOGAME-MOUVIT825-VIT,2025-11-08T04:19:27.73202Z,0.63,27,yes,77e306e1-c552-4415-dc4f-894f8e13887b
KXCSGOGAME-MOUVIT825-VIT,2025-11-08T04:14:28.067769Z,0.64,12,yes,2451f413-3fe1-68a7-5b92-cbadcd58a334
KXCSGOGAME-MOUVIT825-VIT,2025-11-08T04:14:26.137428Z,0.64,74,yes,88e4acf0-3f91-44e3-2f00-5a1fd6330f38
KXCSGOGAME-MOUVIT825-VIT,2025-11-08T04:11:03.804349Z,0.65,112,yes,22e2aaa8-49f6-7bcf-a02f-9f3f6b35043c
KXCSGOGAME-MOUVIT825-VIT,2025-11-08T03:55:27.018829Z,0.6,31,no,562bbabc-4bf4-69b2-2811-420362b752d8
KXCSGOGAME-MOUVIT825-VIT,2025-11-08T03:46:21.394691Z,0.62,13,no,98aa5a32-a34a-79b8-0466-293e6350d442
KXCSGOGAME-MOUVIT825-VIT,2025-11-08T03:27:45.279214Z,0.71,4,yes,dbcd2817-8f98-64e1-6c6f-83e6f7b50f0d
KXCSGOGAME-MOUVIT825-VIT,2025-11-08T03:23:17.102147Z,0.71,27,yes,bba847b9-84c4-7a81-ef20-2e51ff3a335d
KXCSGOGAME-MOUVIT825-VIT,2025-11-08T03:20:24.320779Z,0.71,13,yes,17528d13-3730-7cb5-327b-0d833fd4e829
KXCSGOGAME-MOUVIT825-VIT,2025-11-08T03:09:11.459656Z,0.71,14,yes,7d595322-9d88-6c19-a9d3-c40c6b8810bd
KXCSGOGAME-MOUVIT825-VIT,2025-11-08T03:04:49.471842Z,0.61,50,no,8b9326a6-15f9-603b-251c-aeeb63afa08e
KXCSGOGAME-MOUVIT825-VIT,2025-11-08T02:34:21.825683Z,0.71,33,yes,76a15db2-53e1-78c4-51bb-0d6e72cde6f4
KXCSGOGAME-MOUVIT825-VIT,2025-11-08T02:22:28.080926Z,0.71,69,yes,a14c17b0-31ed-62ec-6f82-19b9f50c81c4
KXCSGOGAME-MOUVIT825-VIT,2025-11-08T02:00:59.49962Z,0.6,41,no,774aff2d-fb20-5632-214d-be0fb387db50
KXCSGOGAME-MOUVIT825-VIT,2025-11-08T01:58:42.538499Z,0.71,30,yes,15003a6e-3ae5-5544-e4c0-4caf77da759c
KXCSGOGAME-MOUVIT825-VIT,2025-11-08T01:56:33.072637Z,0.71,41,yes,02348d80-a4dd-4888-7050-e19c186dc188
KXCSGOGAME-MOUVIT825-VIT,2025-11-08T01:34:05.293013Z,0.66,6,no,e4754753-585a-4b4a-5fc5-d83c02c12ea9
KXCSGOGAME-MOUVIT825-VIT,2025-11-08T01:34:05.293013Z,0.66,3,no,d1014c23-5498-4013-431f-baccd0af3352
KXCSGOGAME-MOUVIT825-VIT,2025-11-08T01:26:12.60937Z,0.71,2,yes,e296c089-42a5-6790-b0cb-221d5b6219f0
KXCSGOGAME-MOUVIT825-VIT,2025-11-08T01:23:41.386277Z,0.71,69,yes,e4cd3bc3-e061-7890-cf2e-7bff31802330
KXCSGOGAME-MOUVIT825-VIT,2025-11-08T01:18:58.958308Z,0.66,22,no,00fca9d0-0e8e-679e-6124-f526031a21d5
KXCSGOGAME-MOUVIT825-VIT,2025-11-08T01:12:59.21486Z,0.66,24,no,8ba4ab05-b892-694a-c7c5-73d299ede639
KXCSGOGAME-MOUVIT825-VIT,2025-11-08T00:54:26.613279Z,0.73,1,yes,c0ce4372-a7d0-5421-6ced-b6000d3c08ee
KXCSGOGAME-MOUVIT825-VIT,2025-11-08T00:39:50.988135Z,0.66,5,no,180c15a4-3a4e-744a-9695-b0da4b131fe9
KXCSGOGAME-MOUVIT825-VIT,2025-11-08T00:39:26.97241Z,0.66,4,no,5cf547c1-8ef2-4756-30ac-a1c84a549165
KXCSGOGAME-MOUVIT825-VIT,2025-11-08T00:28:21.351227Z,0.66,1,no,3551c8c9-313a-741a-8386-09b16c2e37d5
KXCSGOGAME-MOUVIT825-VIT,2025-11-07T23:52:45.46263Z,0.65,61,no,62230ef9-d582-5993-25e2-6469cab69e9a
KXCSGOGAME-MOUVIT825-VIT,2025-11-07T23:52:22.386757Z,0.65,27,no,3380167c-ee92-6d1b-ff0b-47e40f0ca9c6
KXCSGOGAME-MOUVIT825-VIT,2025-11-07T23:34:24.579115Z,0.88,1,yes,f0a7f21b-87a6-771e-fea1-bcf8eaac2dce
KXCSGOGAME-MOUVIT825-VIT,2025-11-07T23:34:24.579115Z,0.75,294,yes,0441877f-6a2b-75c1-eca0-0430002118d4
KXCSGOGAME-MOUVIT825-VIT,2025-11-07T23:26:44.822281Z,0.75,6,yes,b14caea3-044f-6259-760f-7a626d3ae91c
KXCSGOGAME-MOUVIT825-VIT,2025-11-07T22:38:25.609242Z,0.75,258,yes,841b5505-80e2-64ba-3f67-2408d3e733c2
KXCSGOGAME-MOUVIT825-VIT,2025-11-07T22:28:42.54107Z,0.6,200,no,d0b3f00b-d6b8-4642-0c31-7fcd235ced00
KXCSGOGAME-MOUVIT825-VIT,2025-11-07T22:28:42.54107Z,0.6,50,no,7f5c56ec-ded2-479a-3f0a-98869752a0c7
KXCSGOGAME-MOUVIT825-VIT,2025-11-07T22:15:25.141407Z,0.63,711,yes,e60cb23e-df62-5770-d1d3-3d37e3d4c3ac
KXCSGOGAME-MOUVIT825-VIT,2025-11-07T22:15:25.141407Z,0.61,64,yes,75b9256c-439a-589d-f007-b0723c188363
KXCSGOGAME-MOUVIT825-VIT,2025-11-07T22:02:52.066453Z,0.62,125,yes,b31953cc-82d0-524c-0130-87ae7d8b5bef
KXCSGOGAME-MOUVIT825-VIT,2025-11-07T21:49:53.583124Z,0.62,94,yes,63c4129d-9794-7751-6dc8-2401e3d20767
KXCSGOGAME-MOUVIT825-VIT,2025-11-07T21:18:56.279041Z,0.62,30,yes,6666eae7-ddef-55ec-e5be-e1054d2e7643
KXCSGOGAME-MOUVIT825-VIT,2025-11-07T20:21:28.28375Z,0.62,119,yes,cbc9a7b8-f82c-7008-f3e9-dd9728fd3925
KXCSGOGAME-MOUVIT825-VIT,2025-11-07T19:52:30.228807Z,0.63,25,yes,3eb0caab-095a-49ec-b9c7-4c599de666e4
KXCSGOGAME-MOUVIT825-VIT,2025-11-07T19:52:30.228807Z,0.62,200,yes,394d9fa3-3d6f-4ab2-8323-ba404f6e491d
KXCSGOGAME-MOUVIT825-VIT,2025-11-07T19:29:14.519352Z,0.62,19,yes,ada6aa82-cbc4-5c1d-dd65-e91c7dcf7c7d
KXCSGOGAME-MOUVIT825-VIT,2025-11-07T19:29:14.519352Z,0.62,200,yes,46d799b3-755f-5f28-cba8-507227daf618
KXCSGOGAME-MOUVIT825-VIT,2025-11-07T19:29:14.519352Z,0.63,337,yes,46d5fdf8-e362-5a44-eb7b-ffe764baa1f4
KXCSGOGAME-MOUVIT825-VIT,2025-11-07T19:06:23.869887Z,0.61,17,yes,cda50722-fa54-4d85-4464-583d2301b5d7
KXCSGOGAME-MOUVIT825-VIT,2025-11-07T18:46:16.251262Z,0.61,15,yes,353dcad8-5ddc-4985-2a3d-13210bd85673
KXCSGOGAME-MOUVIT825-VIT,2025-11-07T18:28:13.740213Z,0.61,250,yes,5b3fba5e-8f74-4ddd-6850-8cb3b169efa3
KXCSGOGAME-MOUVIT825-VIT,2025-11-07T18:12:54.923633Z,0.61,24,yes,39baa0ef-8570-7aa9-e413-19583fd0e60f
KXCSGOGAME-MOUVIT825-VIT,2025-11-07T18:03:49.534618Z,0.61,20,yes,fd8d6819-8d30-54e9-4a1d-b81f8c524be7
KXCSGOGAME-MOUVIT825-VIT,2025-11-07T17:29:35.814886Z,0.61,6,yes,e67e821e-de80-761d-e56f-d2f4c7a105d7
