ticker,created_time,price,count,taker_side,trade_id
KXCSGOGAME-FALFUR25-FAL,2025-11-08T15:07:17.687739Z,0.01,7,yes,90334764-3a73-4603-4017-ca217704c814
KXCSGOGAME-FALFUR25-FAL,2025-11-08T13:13:01.367465Z,0.01,264,yes,f8ce23f5-15a3-633b-3439-50e65f4e40f4
KXCSGOGAME-FALFUR25-FAL,2025-11-08T12:54:20.970637Z,0.01,343,yes,3379907b-f4c7-76c7-f398-e630e82ef2bc
KXCSGOGAME-FALFUR25-FAL,2025-11-08T12:54:09.551557Z,0.01,1679,no,c4429f89-f83f-521a-4ad4-b2d05a74c150
KXCSGOGAME-FALFUR25-FAL,2025-11-08T12:54:08.39852Z,0.01,102,no,3d886d63-722b-43a2-19ee-4d9843ca2f94
KXCSGOGAME-FALFUR25-FAL,2025-11-08T12:54:06.600623Z,0.01,796,no,5193f5c5-389b-5d2a-0323-813f174a8f78
KXCSGOGAME-FALFUR25-FAL,2025-11-08T12:53:54.730996Z,0.01,2,no,b26f6bbc-9bab-670e-7a7f-089242929030
KXCSGOGAME-FALFUR25-FAL,2025-11-08T12:53:52.548303Z,0.01,45,no,81a9c817-318f-6a1e-b66d-2acf84982f94
KXCSGOGAME-FALFUR25-FAL,2025-11-08T12:53:52.255612Z,0.01,677,no,ed614403-44af-5f6e-32c7-ae815f6f8930
KXCSGOGAME-FALFUR25-FAL,2025-11-08T12:53:50.055424Z,0.01,100,no,d0292367-03b4-7fb0-9ccc-066eda7b43f7
KXCSGOGAME-FALFUR25-FAL,2025-11-08T12:53:50.055424Z,0.01,1699,no,bdac0279-9c7b-7f82-a48b-ec8fbc472ab8
KXCSGOGAME-FALFUR25-FAL,2025-11-08T12:53:50.055424Z,0.01,1,no,b3b7b7bd-3c5e-7ed4-9688-d697cc891fa8
KXCSGOGAME-FALFUR25-FAL,2025-11-08T12:53:50.055424Z,0.01,200,no,4bbf29f0-fe12-7a4e-9e65-33dba02d2943
KXCSGOGAME-FALFUR25-FAL,2025-11-08T12:51:20.657067Z,0.42,500,yes,dc82c385-5ffd-4b9c-e3cb-b1c3f7d146fa
KXCSGOGAME-FALFUR25-FAL,2025-11-08T12:51:20.657067Z,0.39,42,yes,caf14937-85e5-43fa-d527-21171168b683
KXCSGOGAME-FALFUR25-FAL,2025-11-08T12:51:20.657067Z,0.35,5,yes,a3090c71-9506-4296-c676-7ef0db186ed6
KXCSGOGAME-FALFUR25-FAL,2025-11-08T12:51:20.657067Z,0.64,4,yes,2b124ce4-3d17-4327-cd13-aab3ddf4989c
KXCSGOGAME-FALFUR25-FAL,2025-11-08T12:51:20.657067Z,0.87,36,yes,1df2fa92-fd78-4753-df7c-d466858d2bcf
KXCSGOGAME-FALFUR25-FAL,2025-11-08T12:50:59.942364Z,0.35,60,yes,90ac0793-fe5a-50b6-1d87-f0316567901e
KXCSGOGAME-FALFUR25-FAL,2025-11-08T12:50:44.839548Z,0.35,35,yes,bc540c1f-925a-5942-961d-01e021f98d52
KXCSGOGAME-FALFUR25-FAL,2025-11-08T12:49:41.629406Z,0.21,2,yes,99795664-3dd6-65dd-ad5a-39b87dfaa819
KXCSGOGAME-FALFUR25-FAL,2025-11-08T12:47:45.014249Z,0.02,215,no,8db4d01c-ecea-5fc2-cce3-9dbe70561674
KXCSGOGAME-FALFUR25-FAL,2025-11-08T12:47:45.014249Z,0.02,49,no,7097fefe-416b-5c74-cf6b-05f81f11d319
KXCSGOGAME-FALFUR25-FAL,2025-11-08T12:46:19.561447Z,0.03,1,no,9593a128-e741-4aca-6357-216cfb2bf32b
KXCSGOGAME-FALFUR25-FAL,2025-11-08T12:46:19.561447Z,0.02,1,no,33cb8794-0f7b-4f58-6714-65cee036cb71
KXCSGOGAME-FALFUR25-FAL,2025-11-08T12:44:33.220536Z,0.03,32,no,f72c1517-172d-575a-678f-c8a9bdf2ea87
KXCSGOGAME-FALFUR25-FAL,2025-11-08T12:44:33.220536Z,0.03,96,no,448ae1c9-ffe6-5e37-7cbc-44b4a00eaac8
KXCSGOGAME-FALFUR25-FAL,2025-11-08T12:44:04.2898Z,0.03,4,no,a37ce447-1ec2-6ffb-8d77-e84be529bf70
KXCSGOGAME-FALFUR25-FAL,2025-11-08T12:44:04.2898Z,0.04,11,no,3e5a16d0-bfc2-65ce-a691-e4a09f86e758
KXCSGOGAME-FALFUR25-FAL,2025-11-08T12:43:20.373364Z,0.04,14,no,ea2cd926-ec52-411e-d13b-1184e38fce3c
KXCSGOGAME-FALFUR25-FAL,2025-11-08T12:43:20.373364Z,0.08,2,no,913f6494-e84c-40c8-d802-5edeed26de7d
KXCSGOGAME-FALFUR25-FAL,2025-11-08T12:43:20.373364Z,0.06,100,no,2fce59df-2c43-4241-f11c-b8c0a019ff14
KXCSGOGAME-FALFUR25-FAL,2025-11-08T12:43:20.373364Z,0.05,211,no,06eb9906-24b6-4a3e-c7fa-080bda23d445
KXCSGOGAME-FALFUR25-FAL,2025-11-08T12:42:47.675401Z,0.2,28,yes,bd2c1adb-50af-4628-b999-58c9fad68b6c
KXCSGOGAME-FALFUR25-FAL,2025-11-08T12:42:45.232088Z,0.2,12,yes,60add016-a87a-7da7-4c41-7485992ebcb6
KXCSGOGAME-FALFUR25-FAL,2025-11-08T12:42:41.174997Z,0.15,10,yes,dca73628-8878-4ebd-b6b6-cc68c5a3dd36
KXCSGOGAME-FALFUR25-FAL,2025-11-08T12:42:40.834458Z,0.15,12,yes,0334abd1-83f8-7d99-0b53-6aca62b9348e
KXCSGOGAME-FALFUR25-FAL,2025-11-08T12:42:39.631912Z,0.15,154,yes,9b106366-1ee4-4135-940a-2e54a89d7ebe
KXCSGOGAME-FALFUR25-FAL,2025-11-08T12:42:36.750316Z,0.15,12,yes,4bf7b618-27ec-4601-c472-10ff73f21f5e
KXCSGOGAME-FALFUR25-FAL,2025-11-08T12:42:32.708088Z,0.15,12,yes,712e2291-6bd4-786d-984a-c80590faf7aa
KXCSGOGAME-FALFUR25-FAL,2025-11-08T12:41:53.356376Z,0.05,91,no,b3104fe3-b9d2-4896-9052-464f292abf75
KXCSGOGAME-FALFUR25-FAL,2025-11-08T12:41:53.356376Z,0.05,20,no,33055f53-474b-4558-88c1-32a7d4ba670e
KXCSGOGAME-FALFUR25-FAL,2025-11-08T12:41:53.356376Z,0.06,138,no,250f1754-0a57-446e-97d2-9d3da14c1ab5
KXCSGOGAME-FALFUR25-FAL,2025-11-08T12:41:34.476159Z,0.08,12,no,fa83addb-8947-6705-3e89-0fc92e5e7e10
KXCSGOGAME-FALFUR25-FAL,2025-11-08T12:41:34.476159Z,0.15,6,no,e9aa55f7-b1bf-6357-3481-3b45deef61ee
KXCSGOGAME-FALFUR25-FAL,2025-11-08T12:41:34.476159Z,0.13,7,no,c20f582a-90f2-65e6-1f26-f910bdbb5551
KXCSGOGAME-FALFUR25-FAL,2025-11-08T12:41:34.476159Z,0.14,7,no,c05df379-7e18-60d9-1bbe-62aaa8b8f7e6
KXCSGOGAME-FALFUR25-FAL,2025-11-08T12:41:34.476159Z,0.16,1,no,a177b9a4-c9ef-6512-2172-d2f39f7a7423
KXCSGOGAME-FALFUR25-FAL,2025-11-08T12:41:34.476159Z,0.12,8,no,72eaa620-093d-68d1-0dc2-c52f2bda2bcd
KXCSGOGAME-FALFUR25-FAL,2025-11-08T12:41:34.476159Z,0.07,14,no,6f6b6a7e-13e2-6291-149d-d71476212f0d
KXCSGOGAME-FALFUR25-FAL,2025-11-08T12:41:34.476159Z,0.06,16,no,531dce02-e455-6bf3-2b90-87d7b865361c
KXCSGOGAME-FALFUR25-FAL,2025-11-08T12:41:34.476159Z,0.11,9,no,3c6e88d7-bc38-6d2d-1108-093c74cf155b
KXCSGOGAME-FALFUR25-FAL,2025-11-08T12:41:34.476159Z,0.15,2,no,3c1bae2c-2356-6087-373a-5b7f77c88420
KXCSGOGAME-FALFUR25-FAL,2025-11-08T12:41:34.476159Z,0.1,10,no,39291656-3e5d-60cd-06fa-115ff88cf027
KXCSGOGAME-FALFUR25-FAL,2025-11-08T12:41:34.476159Z,0.09,11,no,20bbceac-3c60-6c52-2981-6e48ef0c581c
KXCSGOGAME-FALFUR25-FAL,2025-11-08T12:41:34.476159Z,0.06,62,no,0110b9b4-22a3-67ba-38e0-cca3a0ec923d
KXCSGOGAME-FALFUR25-FAL,2025-11-08T12:41:33.101313Z,0.2,100,yes,857b3b48-8d14-7137-9e39-231d7e5df295
KXCSGOGAME-FALFUR25-FAL,2025-11-08T12:41:32.275403Z,0.16,5,no,4f0bc4a2-25c3-4bea-a6b7-60a27813f073
KXCSGOGAME-FALFUR25-FAL,2025-11-08T12:41:17.29451Z,0.22,4,no,ec42f5cb-1c12-58d8-7624-e3808b09fa1a
KXCSGOGAME-FALFUR25-FAL,2025-11-08T12:41:17.29451Z,0.24,4,no,e8ad2525-7872-5f2b-7778-dfe873158e13
KXCSGOGAME-FALFUR25-FAL,2025-11-08T12:41:17.29451Z,0.21,4,no,e008ff7f-3ac6-5e5f-5e82-6fc8ca20cb5a
KXCSGOGAME-FALFUR25-FAL,2025-11-08T12:41:17.29451Z,0.23,4,no,c3b08651-22a5-5f5d-74c2-e823cc1456c7
KXCSGOGAME-FALFUR25-FAL,2025-11-08T12:41:17.29451Z,0.2,10,no,aada222c-ace3-5d3e-6dec-23645f8fba58
KXCSGOGAME-FALFUR25-FAL,2025-11-08T12:41:17.29451Z,0.3,1,no,70c18685-272b-5963-47b8-93f158f5757c
KXCSGOGAME-FALFUR25-FAL,2025-11-08T12:41:17.29451Z,0.17,5,no,6f4c2b1c-6e89-5593-7833-2c3edd333edb
KXCSGOGAME-FALFUR25-FAL,2025-11-08T12:41:17.29451Z,0.2,5,no,33a4b6c1-f9a6-57e1-6538-89f8c7feddde
KXCSGOGAME-FALFUR25-FAL,2025-11-08T12:41:17.29451Z,0.19,5,no,2727dde4-1983-5f1d-5384-7c4b6767ea43
KXCSGOGAME-FALFUR25-FAL,2025-11-08T12:41:17.29451Z,0.25,4,no,224d58a3-7067-5bc6-42ef-4707990dfe21
KXCSGOGAME-FALFUR25-FAL,2025-11-08T12:41:17.29451Z,0.18,5,no,19cdaa15-846b-578f-5b66-7be633da007f
KXCSGOGAME-FALFUR25-FAL,2025-11-08T12:40:58.266003Z,0.3,45,no,5dabea64-8817-607f-41de-ae5e023ce17c
KXCSGOGAME-FALFUR25-FAL,2025-11-08T12:39:33.797761Z,0.47,2,yes,df618202-818b-68ec-f864-ca3be1a73b22
KXCSGOGAME-FALFUR25-FAL,2025-11-08T12:34:23.144357Z,0.5,1,yes,3291eb69-49dd-42f2-5ca5-df8ff317915b
KXCSGOGAME-FALFUR25-FAL,2025-11-08T12:33:22.618504Z,0.3,78,no,e1589b61-b6b6-5722-bf6f-161a0135fe59
KXCSGOGAME-FALFUR25-FAL,2025-11-08T12:31:26.468117Z,0.58,8,yes,b1984e93-e903-6145-a15a-865347a0733f
KXCSGOGAME-FALFUR25-FAL,2025-11-08T12:31:26.468117Z,0.45,10,yes,11e8ee9f-0b1a-6336-a25a-9959127b4893
KXCSGOGAME-FALFUR25-FAL,2025-11-08T12:30:08.457552Z,0.45,10,yes,9327338d-913e-43ee-f85d-a5a977c01353
KXCSGOGAME-FALFUR25-FAL,2025-11-08T12:28:24.445504Z,0.59,631,yes,5277cdc4-4e74-6085-cc3b-a796d52beb1e
KXCSGOGAME-FALFUR25-FAL,2025-11-08T12:26:29.097572Z,0.59,115,yes,e44f6fb1-09f0-6581-2e4f-7353937824ba
KXCSGOGAME-FALFUR25-FAL,2025-11-08T12:26:29.097572Z,0.58,50,yes,3c42dc34-c620-6c58-0ffd-54e2a186e803
KXCSGOGAME-FALFUR25-FAL,2025-11-08T12:24:27.04815Z,0.58,59,yes,fdbb5840-717b-5905-4f94-3a57d15c6c18
KXCSGOGAME-FALFUR25-FAL,2025-11-08T12:24:27.04815Z,0.59,106,yes,d7794c2d-401c-5ba5-7fa1-6fc14aa45622
KXCSGOGAME-FALFUR25-FAL,2025-11-08T12:23:40.718646Z,0.32,102,no,ec0721dd-01f1-70d0-c822-0d985fbcdc56
KXCSGOGAME-FALFUR25-FAL,2025-11-08T12:23:40.718646Z,0.26,98,no,1fc7d181-81ba-7b6e-c5da-893c2530e34d
KXCSGOGAME-FALFUR25-FAL,2025-11-08T12:18:19.691041Z,0.6,13,yes,acdf61c8-ebc1-6649-0cf9-767490a0c9ba
KXCSGOGAME-FALFUR25-FAL,2025-11-08T12:18:19.691041Z,0.61,7,yes,23e6bf54-a921-61ee-215e-cc9c9d37ef2b
KXCSGOGAME-FALFUR25-FAL,2025-11-08T12:14:52.550555Z,0.61,15,yes,53c72133-dab5-5eca-9568-7e6c0cd4922b
KXCSGOGAME-FALFUR25-FAL,2025-11-08T12:10:12.93075Z,0.65,251,yes,f579c8d7-200f-7dc0-a420-61de8637790a
KXCSGOGAME-FALFUR25-FAL,2025-11-08T12:10:12.93075Z,0.47,102,yes,d7a69cf3-4476-7960-b727-8ca28de7ec97
KXCSGOGAME-FALFUR25-FAL,2025-11-08T12:10:12.93075Z,0.5,181,yes,c61043a0-f54b-7753-92c5-7d377d920040
KXCSGOGAME-FALFUR25-FAL,2025-11-08T12:10:12.93075Z,0.63,1,yes,b81af012-3ce7-73f1-909d-eeff37291cce
KXCSGOGAME-FALFUR25-FAL,2025-11-08T12:10:12.93075Z,0.54,50,yes,3409775f-9177-7243-93be-dd8da16b38f1
KXCSGOGAME-FALFUR25-FAL,2025-11-08T12:10:12.93075Z,0.47,92,yes,3079bb59-5840-776b-b9a7-d7e06a265d56
KXCSGOGAME-FALFUR25-FAL,2025-11-08T12:06:45.031843Z,0.47,10,yes,a8287e44-0a20-545b-5865-bcdf685d7162
KXCSGOGAME-FALFUR25-FAL,2025-11-08T12:05:15.982137Z,0.45,3,yes,50fc89d6-e117-7044-1ca7-f6a3800436d2
KXCSGOGAME-FALFUR25-FAL,2025-11-08T12:03:04.890511Z,0.47,102,yes,41f6cafb-6c2c-51fb-4618-edcf18c25cda
KXCSGOGAME-FALFUR25-FAL,2025-11-08T12:02:36.870393Z,0.47,133,yes,b9ad818e-a52c-686f-4a4d-c0fce286121a
KXCSGOGAME-FALFUR25-FAL,2025-11-08T12:01:40.399229Z,0.47,260,yes,3179b4ee-b3bc-73b3-c346-ad583e8e1322
KXCSGOGAME-FALFUR25-FAL,2025-11-08T11:59:02.91953Z,0.41,23,yes,2fee0dfa-0d92-5582-bc43-019211a1978c
KXCSGOGAME-FALFUR25-FAL,2025-11-08T11:59:02.91953Z,0.46,43,yes,0ecac061-defd-50cc-adb5-75cba77d98b4
KXCSGOGAME-FALFUR25-FAL,2025-11-08T11:54:07.924306Z,0.43,2,yes,786b926f-76d6-7c2a-631f-c3bd20002b94
KXCSGOGAME-FALFUR25-FAL,2025-11-08T11:52:11.076832Z,0.44,48,yes,3083982f-ac03-45a8-5174-5b3ae3965e54
KXCSGOGAME-FALFUR25-FAL,2025-11-08T11:50:22.835791Z,0.4,25,no,98c11d16-f5d2-50f4-1938-cbb02d25bde5
KXCSGOGAME-FALFUR25-FAL,2025-11-08T11:47:37.428116Z,0.41,2,no,2270c3c8-3f8b-7332-61a4-1b4378577e5d
KXCSGOGAME-FALFUR25-FAL,2025-11-08T11:47:37.353117Z,0.41,2,no,91239089-5203-49f6-a0d8-e8746f8f4bad
KXCSGOGAME-FALFUR25-FAL,2025-11-08T11:47:37.281094Z,0.41,2,no,14c2a540-d50f-6762-2b67-fa42f76e4a61
KXCSGOGAME-FALFUR25-FAL,2025-11-08T11:47:37.249976Z,0.41,1,yes,d74395b9-e552-46d0-a654-c22b55381e69
KXCSGOGAME-FALFUR25-FAL,2025-11-08T11:47:36.424094Z,0.41,7,yes,40d0c97e-8c22-7303-b37d-7e01b9e940e8
KXCSGOGAME-FALFUR25-FAL,2025-11-08T11:47:36.424094Z,0.42,219,yes,24fa84e4-6d63-705b-9435-d2a04f6d671c
KXCSGOGAME-FALFUR25-FAL,2025-11-08T11:47:30.900602Z,0.44,13,yes,4a39ebc2-03af-7bcd-6475-ec280bfd6f9c
KXCSGOGAME-FALFUR25-FAL,2025-11-08T11:47:25.876727Z,0.3,78,no,e0a00632-8204-4033-2e8a-b63b446c7389
KXCSGOGAME-FALFUR25-FAL,2025-11-08T11:46:40.768692Z,0.51,376,yes,8227740f-46dc-4e7a-9d28-2146ce9206de
KXCSGOGAME-FALFUR25-FAL,2025-11-08T11:46:40.768692Z,0.5,8,yes,5c38679c-0c5a-4e81-9dea-374d98abb808
KXCSGOGAME-FALFUR25-FAL,2025-11-08T11:35:40.279025Z,0.38,170,no,dda1c2c6-47e8-6244-192a-740910d8d6ce
KXCSGOGAME-FALFUR25-FAL,2025-11-08T11:33:13.674003Z,0.6,104,yes,d99bf424-f7f7-5b82-8086-1d9e01d84e9e
KXCSGOGAME-FALFUR25-FAL,2025-11-08T11:33:13.674003Z,0.6,58,yes,251125d9-8d42-566e-8dcb-2d6893fb928c
KXCSGOGAME-FALFUR25-FAL,2025-11-08T11:30:52.3156Z,0.38,327,no,aa89cb1e-54f0-4ef4-d50c-0ada77d368ae
KXCSGOGAME-FALFUR25-FAL,2025-11-08T11:30:52.3156Z,0.38,53,no,77e9c3c6-5457-4975-ed7a-a59a808aaf75
KXCSGOGAME-FALFUR25-FAL,2025-11-08T11:26:32.984094Z,0.38,47,no,2f8c449a-95bb-4d61-2f8d-2ee897459409
KXCSGOGAME-FALFUR25-FAL,2025-11-08T11:26:12.113292Z,0.4,2,no,1b9ea020-4e54-499e-0e71-686e122e78f6
KXCSGOGAME-FALFUR25-FAL,2025-11-08T11:22:31.96748Z,0.45,26,no,10933cae-fc0e-484f-99cf-3a1d97b28873
KXCSGOGAME-FALFUR25-FAL,2025-11-08T11:22:31.843334Z,0.45,52,no,e1ff43ec-a8f2-6c37-367c-23179ba556a7
KXCSGOGAME-FALFUR25-FAL,2025-11-08T11:22:31.783677Z,0.45,4,yes,5c7ac169-e0f5-5b35-12ed-5124cdd84954
KXCSGOGAME-FALFUR25-FAL,2025-11-08T11:19:44.301801Z,0.45,4,no,1b8745e9-a201-6a9c-2602-71453bb26143
KXCSGOGAME-FALFUR25-FAL,2025-11-08T11:17:20.271421Z,0.45,75,no,91504b6f-82d5-7ef8-a2a9-8b8e4ba7b14b
KXCSGOGAME-FALFUR25-FAL,2025-11-08T11:16:38.957927Z,0.45,2,no,905b5330-9f19-6df0-74a3-b1adb4d7fd3f
KXCSGOGAME-FALFUR25-FAL,2025-11-08T11:15:50.704685Z,0.6,49,yes,90718aba-3567-57de-1601-456d9d53205b
KXCSGOGAME-FALFUR25-FAL,2025-11-08T11:15:50.704685Z,0.59,1,yes,8448a07f-f456-59c8-039e-3fbb29de4f0f
KXCSGOGAME-FALFUR25-FAL,2025-11-08T11:15:44.302637Z,0.45,12,no,91aabfc5-2ba1-42c0-7670-f1cb9c766257
KXCSGOGAME-FALFUR25-FAL,2025-11-08T11:15:39.789549Z,0.55,12,no,e2e4d9fe-7781-6f22-a9ba-2503cfacd4c3
KXCSGOGAME-FALFUR25-FAL,2025-11-08T11:15:35.635398Z,0.55,12,no,d2fd77dd-7919-439a-04f3-fefc8721f44f
KXCSGOGAME-FALFUR25-FAL,2025-11-08T11:15:34.901461Z,0.55,25,no,9e116e6c-c109-6d0a-e47b-e08470e0b927
KXCSGOGAME-FALFUR25-FAL,2025-11-08T11:13:47.152367Z,0.45,7,no,ddb153a9-8b05-5154-d902-631f0d189e9b
KXCSGOGAME-FALFUR25-FAL,2025-11-08T11:13:47.152367Z,0.45,1,no,39ee04e4-da7c-54c7-dcbd-033860cadb5a
KXCSGOGAME-FALFUR25-FAL,2025-11-08T11:11:47.477257Z,0.45,2,no,b5b17417-7b3c-7513-2f32-6b0aa0b4b0ee
KXCSGOGAME-FALFUR25-FAL,2025-11-08T11:11:38.991349Z,0.45,2,no,edb6bfb0-e744-4257-4cfd-9087317b641a
KXCSGOGAME-FALFUR25-FAL,2025-11-08T11:11:38.991349Z,0.45,50,no,9d969cc6-76c0-483a-5d8c-3702c39af436
KXCSGOGAME-FALFUR25-FAL,2025-11-08T11:11:38.991349Z,0.5,4,no,8b5e8b28-5238-4268-64d3-50c429f951aa
KXCSGOGAME-FALFUR25-FAL,2025-11-08T11:10:53.35267Z,0.5,15,no,bc28ff4c-2ee8-4afc-73ac-397142de6ce2
KXCSGOGAME-FALFUR25-FAL,2025-11-08T11:09:55.299638Z,0.5,19,no,ba1c9af5-470c-5364-11d5-fd8f9e3d417a
KXCSGOGAME-FALFUR25-FAL,2025-11-08T11:08:55.787302Z,0.5,1,no,c2395f52-a394-70d4-7310-a9c23d5371b2
KXCSGOGAME-FALFUR25-FAL,2025-11-08T11:08:54.782512Z,0.5,12,no,40694c77-5698-4104-dea7-e9d5a6a51c4a
KXCSGOGAME-FALFUR25-FAL,2025-11-08T11:06:48.315895Z,0.5,14,no,e592d157-11a8-7e90-ace5-f7ea1dfbe8ca
KXCSGOGAME-FALFUR25-FAL,2025-11-08T10:59:15.779345Z,0.69,17,yes,bddf4b1a-710a-4155-68b4-c13d3a50c906
KXCSGOGAME-FALFUR25-FAL,2025-11-08T10:56:22.155398Z,0.73,1,yes,3d2af94e-6a60-4fbe-f5a7-61717236a867
KXCSGOGAME-FALFUR25-FAL,2025-11-08T10:55:16.801859Z,0.56,218,no,a0464ea7-df54-5903-9e6f-d749934c4f82
KXCSGOGAME-FALFUR25-FAL,2025-11-08T10:54:40.105668Z,0.74,329,yes,d045aaab-7392-458f-e598-890d7273723d
KXCSGOGAME-FALFUR25-FAL,2025-11-08T10:54:40.105668Z,0.72,35,yes,5304d603-37a9-428e-d737-0718d3979a42
KXCSGOGAME-FALFUR25-FAL,2025-11-08T10:53:25.112148Z,0.56,343,no,af319c4f-4a14-58df-5812-23f4aab8763a
KXCSGOGAME-FALFUR25-FAL,2025-11-08T10:53:13.080099Z,0.74,45,yes,f808edca-1e31-5abe-8bd7-c4a52afe75d6
KXCSGOGAME-FALFUR25-FAL,2025-11-08T10:51:27.014831Z,0.8,9,yes,3fee55d2-76b5-5d98-c2a6-2e77411d7b36
KXCSGOGAME-FALFUR25-FAL,2025-11-08T10:51:27.014831Z,0.66,284,yes,375ca4f6-adea-51e9-c9ef-329a6b720a17
KXCSGOGAME-FALFUR25-FAL,2025-11-08T10:51:07.549291Z,0.56,763,no,ccc7d347-6e14-479f-06d4-6806437c30ae
KXCSGOGAME-FALFUR25-FAL,2025-11-08T10:51:07.549291Z,0.63,391,no,a7d0f266-58a3-4904-1ace-adb003685407
KXCSGOGAME-FALFUR25-FAL,2025-11-08T10:48:36.726478Z,0.66,195,yes,f53a9996-a872-4981-8f2b-2a10bf30ce73
KXCSGOGAME-FALFUR25-FAL,2025-11-08T10:44:33.843664Z,0.66,14,yes,c2d93708-dcbe-6abd-85d3-8a1c176de133
KXCSGOGAME-FALFUR25-FAL,2025-11-08T10:42:15.665128Z,0.66,3,yes,8c671cb3-8efa-64ad-e7a8-0106fda2a713
KXCSGOGAME-FALFUR25-FAL,2025-11-08T10:41:00.792682Z,0.61,154,no,c0ebc104-24c8-726a-7707-31ecc89197ff
KXCSGOGAME-FALFUR25-FAL,2025-11-08T10:39:58.04849Z,0.61,154,no,befe69be-beb8-455a-384a-2e6036af7677
KXCSGOGAME-FALFUR25-FAL,2025-11-08T10:34:56.203001Z,0.66,4,yes,eed8dcfc-4252-47e5-aaf1-e952b9e276df
KXCSGOGAME-FALFUR25-FAL,2025-11-08T10:34:49.828856Z,0.66,14,yes,40c4365f-3a19-5030-e993-0fc3c8758799
KXCSGOGAME-FALFUR25-FAL,2025-11-08T10:31:12.611957Z,0.66,472,yes,d990c440-4790-7b06-19f1-1c5269f7878b
KXCSGOGAME-FALFUR25-FAL,2025-11-08T10:31:12.611957Z,0.66,21,yes,be43353e-5e95-7efe-29b3-08d7675a21a0
KXCSGOGAME-FALFUR25-FAL,2025-11-08T10:31:12.611957Z,0.67,82,yes,52d7af2e-1fcb-738f-0d15-c59696a8df4c
KXCSGOGAME-FALFUR25-FAL,2025-11-08T10:28:25.103957Z,0.66,14,yes,93503952-2c28-5a2a-3d33-93c7c264336f
KXCSGOGAME-FALFUR25-FAL,2025-11-08T10:25:03.801227Z,0.61,7,no,64688c2b-5be8-44a2-4394-e0a9ea736067
KXCSGOGAME-FALFUR25-FAL,2025-11-08T10:20:47.511713Z,0.66,14,yes,c796b8dc-8c10-55b6-478c-a2fb400a6fd3
KXCSGOGAME-FALFUR25-FAL,2025-11-08T10:17:14.183821Z,0.67,21,yes,b0f626d4-89e3-7f83-f6d1-2a8618a3e158
KXCSGOGAME-FALFUR25-FAL,2025-11-08T10:16:08.766022Z,0.65,100,yes,c78d4404-e616-5aa6-f26e-b55bc709a4b4
KXCSGOGAME-FALFUR25-FAL,2025-11-08T10:13:59.501348Z,0.65,5,yes,da31bf76-d783-4a3f-442f-660a4bdbe37a
KXCSGOGAME-FALFUR25-FAL,2025-11-08T10:13:08.892Z,0.65,25,yes,0e810dc0-4983-559b-3418-aae5f3ce6db2
KXCSGOGAME-FALFUR25-FAL,2025-11-08T10:11:32.838118Z,0.65,3754,yes,7ab0f1b4-f9bf-7d0f-38b2-5b8f52fda802
KXCSGOGAME-FALFUR25-FAL,2025-11-08T10:10:04.095405Z,0.65,75,yes,f1e914af-285b-709b-76d7-2d3f94958e1a
KXCSGOGAME-FALFUR25-FAL,2025-11-08T10:09:00.81754Z,0.62,10,no,d10a1b58-5cf5-6835-3350-d1250aba1f6e
KXCSGOGAME-FALFUR25-FAL,2025-11-08T10:09:00.81754Z,0.62,138,no,1163a226-af1c-654e-072d-a65c67fbc02b
KXCSGOGAME-FALFUR25-FAL,2025-11-08T10:08:24.435897Z,0.65,148,yes,5d48c961-5717-557b-d0d9-c059cf8b7f8e
KXCSGOGAME-FALFUR25-FAL,2025-11-08T10:07:41.67405Z,0.65,3,yes,a331240b-0753-6fa3-928b-975173c7cc86
KXCSGOGAME-FALFUR25-FAL,2025-11-08T10:06:49.111409Z,0.65,1088,yes,706be22f-b197-489f-19b6-d69a38d1890e
KXCSGOGAME-FALFUR25-FAL,2025-11-08T10:06:42.961819Z,0.65,27,yes,8b92a78f-a3c7-67d3-e61c-4214d1be6272
KXCSGOGAME-FALFUR25-FAL,2025-11-08T10:06:05.574272Z,0.65,85,yes,34cee157-ef3f-751f-b7d2-f37c6630086a
KXCSGOGAME-FALFUR25-FAL,2025-11-08T10:06:02.984179Z,0.65,78,yes,759a640b-1e8b-5027-94fe-5cb626245bca
KXCSGOGAME-FALFUR25-FAL,2025-11-08T10:01:30.336317Z,0.66,295,yes,a185401d-4fc5-557a-2a89-94d08681ebe5
KXCSGOGAME-FALFUR25-FAL,2025-11-08T09:28:12.499136Z,0.64,1,yes,74f0cf5a-47c4-7a15-5687-681fd370cbfe
KXCSGOGAME-FALFUR25-FAL,2025-11-08T09:24:51.580291Z,0.64,91,yes,c1884e33-98c4-6dd9-c976-0df56eedbdee
KXCSGOGAME-FALFUR25-FAL,2025-11-08T09:21:43.214762Z,0.61,123,no,f53d387f-3fa1-4b01-289f-8f9246983cfa
KXCSGOGAME-FALFUR25-FAL,2025-11-08T09:20:25.838055Z,0.61,1,no,780ca9ba-c6d9-6515-06a4-ec2fcd2126ae
KXCSGOGAME-FALFUR25-FAL,2025-11-08T09:19:17.618809Z,0.62,11,yes,b15aef72-a559-6e89-0e73-f8a060b431cd
KXCSGOGAME-FALFUR25-FAL,2025-11-08T09:19:17.618809Z,0.64,4,yes,931cf763-261c-6f29-2d27-076da3243aea
KXCSGOGAME-FALFUR25-FAL,2025-11-08T09:19:17.618809Z,0.63,16,yes,8c8fc787-eaf6-6028-314f-0b4fa481b735
KXCSGOGAME-FALFUR25-FAL,2025-11-08T09:19:17.541782Z,0.62,1,yes,94ecd871-b811-5c15-2d92-58b0f5dfa245
KXCSGOGAME-FALFUR25-FAL,2025-11-08T09:16:25.080102Z,0.62,1,yes,b72c959d-c251-65b1-0f7d-87685b287991
KXCSGOGAME-FALFUR25-FAL,2025-11-08T08:08:08.008771Z,0.62,3,yes,5c006f99-3b69-7919-cc1e-5029c8d2a311
KXCSGOGAME-FALFUR25-FAL,2025-11-08T07:54:12.338994Z,0.62,78,yes,97131496-79d5-6a61-530c-be5a51cae7f1
KXCSGOGAME-FALFUR25-FAL,2025-11-08T07:43:22.795083Z,0.62,50,yes,64ca6028-9281-479d-19be-e17ba289b885
KXCSGOGAME-FALFUR25-FAL,2025-11-08T06:56:04.783144Z,0.62,5,yes,76e216f8-4159-6849-0f74-a9b71d8e2d85
KXCSGOGAME-FALFUR25-FAL,2025-11-08T06:44:35.851905Z,0.62,7,yes,688193b8-7a4d-5dcd-944f-3fc2cbbb9aa5
KXCSGOGAME-FALFUR25-FAL,2025-11-08T06:40:03.212974Z,0.62,7,yes,41520751-00f9-54a9-8338-14a2afc98c15
KXCSGOGAME-FALFUR25-FAL,2025-11-08T06:22:58.485224Z,0.62,39,yes,a6e94055-6b49-41d1-9f1c-1a1ea579e641
KXCSGOGAME-FALFUR25-FAL,2025-11-08T06:16:54.284305Z,0.62,293,yes,a532297a-4d0a-5618-80dd-a0e407a0b94e
KXCSGOGAME-FALFUR25-FAL,2025-11-08T06:16:54.284305Z,0.63,96,yes,3e5a40a5-42a5-5ddb-853e-6cc5c683dc0a
KXCSGOGAME-FALFUR25-FAL,2025-11-08T06:14:44.241551Z,0.62,7,yes,6c58456b-9a16-55a8-d665-0c3e6e7f399a
KXCSGOGAME-FALFUR25-FAL,2025-11-08T05:48:19.886226Z,0.63,3,yes,b73516e2-cb9d-69ef-ffb6-45df4210edba
KXCSGOGAME-FALFUR25-FAL,2025-11-08T05:43:41.414893Z,0.63,23,yes,f5e4a959-6bec-6916-f6a5-ccd815ef4e7b
KXCSGOGAME-FALFUR25-FAL,2025-11-08T05:43:41.414893Z,0.62,322,yes,839518aa-855c-6474-d5b1-e1c007d09313
KXCSGOGAME-FALFUR25-FAL,2025-11-08T05:43:41.414893Z,0.63,28,yes,64eb8d1a-8fcd-6d23-e8b3-dd8468792fb6
KXCSGOGAME-FALFUR25-FAL,2025-11-08T05:43:41.414893Z,0.61,100,yes,1ba1712e-8748-616f-fb58-9686dc00beea
KXCSGOGAME-FALFUR25-FAL,2025-11-08T05:33:25.104278Z,0.62,100,yes,9fc95784-71d4-4cd4-8e2e-3b3124c75a23
KXCSGOGAME-FALFUR25-FAL,2025-11-08T05:11:28.185144Z,0.62,78,yes,df0f65be-9e64-5e8c-b404-18819e421cfb
KXCSGOGAME-FALFUR25-FAL,2025-11-08T04:41:03.663022Z,0.63,77,yes,1579dc89-3348-6262-c13f-ef075594e6a3
KXCSGOGAME-FALFUR25-FAL,2025-11-08T02:47:41.21987Z,0.62,39,yes,1e441a5b-705a-7b9d-61bb-5fb6638b787a
KXCSGOGAME-FALFUR25-FAL,2025-11-08T01:06:37.991024Z,0.62,8,yes,7b95ae6f-1b1a-5c49-ccdf-f7836a852d9a
KXCSGOGAME-FALFUR25-FAL,2025-11-07T23:43:25.498172Z,0.62,15,yes,de8534e9-4722-76bd-3e66-9d913cbbd39e
KXCSGOGAME-FALFUR25-FAL,2025-11-07T23:26:11.403534Z,0.62,3,yes,848c878d-341a-69c1-3129-7dc52038447a
KXCSGOGAME-FALFUR25-FAL,2025-11-07T21:05:15.475158Z,0.64,15,yes,9f127f5c-ff98-4e6d-7c51-f9228ddbf77a
KXCSGOGAME-FALFUR25-FAL,2025-11-07T21:00:42.204076Z,0.64,7,yes,bd58124e-68d0-47fd-97b5-8201bc7f9ca2
KXCSGOGAME-FALFUR25-FAL,2025-11-07T19:17:06.425384Z,0.63,154,yes,a978fbb6-dad6-7b92-7955-9442e29f295b
KXCSGOGAME-FALFUR25-FAL,2025-11-07T19:16:53.728215Z,0.63,154,yes,92bf7ed4-d67e-646a-873c-0e2c44e2f1c3
KXCSGOGAME-FALFUR25-FAL,2025-11-07T18:58:57.024934Z,0.63,15,yes,41e8635c-0402-7b89-1e34-9c646e277773
KXCSGOGAME-FALFUR25-FAL,2025-11-07T18:46:43.30997Z,0.63,9,yes,44887bd0-d3ae-603d-8ba6-506e7894304f
KXCSGOGAME-FALFUR25-FAL,2025-11-07T18:27:54.585035Z,0.63,315,yes,e71e834c-a3f2-4bed-792e-924162f00207
KXCSGOGAME-FALFUR25-FAL,2025-11-07T18:12:43.888145Z,0.64,76,yes,4dcd6211-8b08-6e31-8784-43bc96fef782
KXCSGOGAME-FALFUR25-FAL,2025-11-07T17:41:23.940383Z,0.64,15,yes,243b8585-60ec-4399-2139-fb818d004c72
KXCSGOGAME-FALFUR25-FAL,2025-11-07T16:47:44.817332Z,0.75,32,yes,ba89dac1-e78b-75f3-2bba-8d049f251d1e
