ticker,created_time,price,count,taker_side,trade_id
KXCS2MAP-MOUVIT25-VIT,2025-11-08T17:14:39.92255Z,0.99,23,no,12e3701b-099e-6b8c-70f9-b1f02b65ae64
KXCS2MAP-MOUVIT25-VIT,2025-11-08T16:53:15.098208Z,0.99,96,no,1e1c0e1a-46f2-45f4-920c-b99069f9d5fc
KXCS2MAP-MOUVIT25-VIT,2025-11-08T16:47:11.039529Z,0.99,62,no,fa835470-06a6-5744-b31a-575239d2debc
KXCS2MAP-MOUVIT25-VIT,2025-11-08T16:34:41.176599Z,0.99,684,no,a5851b29-6916-4a60-c8e7-cb02d9aaf108
KXCS2MAP-MOUVIT25-VIT,2025-11-08T15:59:14.849933Z,0.99,214,no,cd51af6b-ecee-7ae4-dba7-db1bc3c15784
KXCS2MAP-MOUVIT25-VIT,2025-11-08T14:48:55.512373Z,0.99,614,no,abd6c53e-4bc2-6c14-d1dd-f9e4f8e84500
KXCS2MAP-MOUVIT25-VIT,2025-11-08T14:29:55.386463Z,0.99,269,no,17fecff7-18a6-549c-a5ed-387e91430490
KXCS2MAP-MOUVIT25-VIT,2025-11-08T14:23:18.481659Z,0.99,126,no,3151449c-6a36-5634-b2a9-5f4a2617a4e8
KXCS2MAP-MOUVIT25-VIT,2025-11-08T14:23:18.481659Z,0.99,419,no,1261250b-6182-5cc3-b8df-b6394d1b4c9c
KXCS2MAP-MOUVIT25-VIT,2025-11-08T13:47:59.499164Z,0.99,81,no,b8aa82ef-1a7e-5023-ef73-7370742fcafc
KXCS2MAP-MOUVIT25-VIT,2025-11-08T10:45:02.343979Z,0.99,259,no,73b5e0e1-7a01-4a93-f258-ca499ed35b27
KXCS2MAP-MOUVIT25-VIT,2025-11-08T08:46:37.312148Z,0.99,208,no,159177da-0a7d-4de3-6925-02d340b8b327
KXCS2MAP-MOUVIT25-VIT,2025-11-08T08:09:33.844123Z,0.99,643,no,a0e63df4-5205-4d17-f475-720e03bb8283
KXCS2MAP-MOUVIT25-VIT,2025-11-08T08:09:33.844123Z,0.99,2162,no,29e47c4d-366c-44ec-dac6-d0d8d753c6c7
KXCS2MAP-MOUVIT25-VIT,2025-11-08T08:07:33.337327Z,0.99,279,no,f6276181-89f4-6bf8-bf8c-d4567b50a3bb
KXCS2MAP-MOUVIT25-VIT,2025-11-08T08:04:41.002358Z,0.99,2337,no,c2703aaa-ca28-47cc-7aee-4ad36c542c0b
KXCS2MAP-MOUVIT25-VIT,2025-11-08T08:01:04.900183Z,0.99,46,no,614df58f-5d88-6318-0c37-e5c019fcceab
KXCS2MAP-MOUVIT25-VIT,2025-11-08T07:59:41.02189Z,0.99,29,no,2aabd78b-c428-7e90-3c52-fb8d82023c1b
KXCS2MAP-MOUVIT25-VIT,2025-11-08T07:52:46.946829Z,0.99,23,no,ab31d9a5-11a8-67d4-8fbc-31fb95c4a99b
KXCS2MAP-MOUVIT25-VIT,2025-11-08T07:48:16.928082Z,0.99,24,no,e770be2c-2578-74ec-3eee-7ecc3d9b67cf
KXCS2MAP-MOUVIT25-VIT,2025-11-08T07:46:55.537576Z,0.99,35,no,ff379e8f-70e8-4730-aea0-0355e433e37b
KXCS2MAP-MOUVIT25-VIT,2025-11-08T07:44:28.113778Z,0.99,5,no,686d6cfe-cd4c-4d00-e779-304e9aeae62f
KXCS2MAP-MOUVIT25-VIT,2025-11-08T07:41:55.953077Z,0.99,60,no,2b279736-fb80-6cb0-cf06-258f5745708b
KXCS2MAP-MOUVIT25-VIT,2025-11-08T07:39:36.413083Z,0.99,177,no,ee9ea9f5-25e0-61ba-b0dd-bbc4b047423e
KXCS2MAP-MOUVIT25-VIT,2025-11-08T07:38:28.160974Z,0.99,77,no,c85cf4f7-da38-7d52-6c8f-2b4f3ef9cbe6
KXCS2MAP-MOUVIT25-VIT,2025-11-08T07:37:54.069279Z,0.99,452,no,c237ec13-9834-7ba2-9771-5bc31c2fe8ca
KXCS2MAP-MOUVIT25-VIT,2025-11-08T07:36:23.824038Z,0.99,24,no,b4e0d3b0-f578-7dda-2501-5649cb1bf9ee
KXCS2MAP-MOUVIT25-VIT,2025-11-08T07:36:18.335783Z,0.99,102,no,d8e6e034-659c-5c9a-270d-c3b6183d1916
KXCS2MAP-MOUVIT25-VIT,2025-11-08T07:36:09.277554Z,0.99,336,no,7d233091-41b4-6b2a-c77a-c2b3633c3812
KXCS2MAP-MOUVIT25-VIT,2025-11-08T07:36:07.049338Z,0.99,17,no,d960edbf-8134-62be-0b75-790b6dcf13aa
KXCS2MAP-MOUVIT25-VIT,2025-11-08T07:35:49.233958Z,0.99,41,no,cfa543e4-71c4-4b72-c4d8-4f0aff5298f2
KXCS2MAP-MOUVIT25-VIT,2025-11-08T07:35:26.755055Z,0.99,64,no,f84d5da2-2f40-67ee-7707-05dad6def536
KXCS2MAP-MOUVIT25-VIT,2025-11-08T07:35:22.817378Z,0.99,13,no,83c3021a-6ba8-7bd2-f620-0208085ca83a
KXCS2MAP-MOUVIT25-VIT,2025-11-08T07:35:01.451244Z,0.99,279,no,c8e4c0d4-a2e2-6d97-b784-3f45e5fcbb2a
KXCS2MAP-MOUVIT25-VIT,2025-11-08T07:35:01.451244Z,0.99,585,no,68129958-5c24-6616-908e-f766a57c971e
KXCS2MAP-MOUVIT25-VIT,2025-11-08T07:34:48.412259Z,0.99,11,no,b5338d63-ed66-612f-65f0-cb3a7018ea22
KXCS2MAP-MOUVIT25-VIT,2025-11-08T07:34:09.152794Z,0.99,5,yes,d2221b49-e664-6ed3-2d32-762945de8d4b
KXCS2MAP-MOUVIT25-VIT,2025-11-08T07:34:09.152794Z,0.99,290,yes,ade987df-0bee-6779-058f-6e7f5368e914
KXCS2MAP-MOUVIT25-VIT,2025-11-08T07:34:01.380545Z,0.9,118,no,67d4b32a-d49c-793e-38e1-52273189f4ba
KXCS2MAP-MOUVIT25-VIT,2025-11-08T07:33:26.773936Z,0.9,141,no,fd270ac3-2fbc-51fe-ccda-f3102112ea02
KXCS2MAP-MOUVIT25-VIT,2025-11-08T07:33:15.077271Z,0.9,73,no,9edba5bc-a104-753e-1179-8493ffa6bb56
KXCS2MAP-MOUVIT25-VIT,2025-11-08T07:33:05.651669Z,0.9,167,no,45c0f54e-ea50-77a6-4d14-21959bd3f30a
KXCS2MAP-MOUVIT25-VIT,2025-11-08T07:32:43.293175Z,0.9,105,no,e5d4d008-0208-6ea6-22e0-b212a76d6556
KXCS2MAP-MOUVIT25-VIT,2025-11-08T07:32:39.200719Z,0.99,545,yes,27e8bac5-3134-4123-d38d-0ade997d9ae3
KXCS2MAP-MOUVIT25-VIT,2025-11-08T07:32:14.883521Z,0.9,6,no,4299d1c1-880c-7ede-c6b7-7d9ae5aaa3e2
KXCS2MAP-MOUVIT25-VIT,2025-11-08T07:32:05.406754Z,0.9,47,no,e8fb2c52-0688-54ce-082f-7047f1137492
KXCS2MAP-MOUVIT25-VIT,2025-11-08T07:32:01.684302Z,0.9,140,no,10eade12-315c-7ffe-3656-3409fd33e3be
KXCS2MAP-MOUVIT25-VIT,2025-11-08T07:31:37.578409Z,0.95,16,no,ab178c41-2b8f-6dca-8148-05bcf627748b
KXCS2MAP-MOUVIT25-VIT,2025-11-08T07:31:35.549987Z,0.95,15,no,3fb07c9a-d5d3-630e-72b2-f8ddab9360a7
KXCS2MAP-MOUVIT25-VIT,2025-11-08T07:31:35.420272Z,0.95,6,no,8370c6aa-0783-5b0e-2959-068f6f26667f
KXCS2MAP-MOUVIT25-VIT,2025-11-08T07:31:35.259505Z,0.95,39,no,13230c27-6adb-733e-fe20-535fe64a871b
KXCS2MAP-MOUVIT25-VIT,2025-11-08T07:31:29.523393Z,0.99,23,no,7f8c8bf0-2cbd-4ada-d047-e3d6443a024e
KXCS2MAP-MOUVIT25-VIT,2025-11-08T07:31:29.523393Z,0.95,111,no,77f3f147-11c7-4a8e-c132-0cc05db850cf
KXCS2MAP-MOUVIT25-VIT,2025-11-08T07:31:14.699139Z,0.96,2,yes,f6050a4c-fa2d-5573-2aa6-4f6bb9ef229c
KXCS2MAP-MOUVIT25-VIT,2025-11-08T07:31:14.699139Z,0.99,200,yes,f1a4a374-b3d0-5816-2c54-e861e184288f
KXCS2MAP-MOUVIT25-VIT,2025-11-08T07:31:14.699139Z,0.99,200,yes,dbc726d2-6e35-51b9-1ebe-feca5351f6a5
KXCS2MAP-MOUVIT25-VIT,2025-11-08T07:31:14.699139Z,0.96,250,yes,0f121adf-0144-5aa6-0488-60fdd0905eba
KXCS2MAP-MOUVIT25-VIT,2025-11-08T07:31:13.57993Z,0.96,23,yes,d5a7ce45-32cd-4e3b-422b-2474a0ca5f1c
KXCS2MAP-MOUVIT25-VIT,2025-11-08T07:29:46.308764Z,0.7,79,no,f951f0cd-9813-7e96-7235-7125eed660cb
KXCS2MAP-MOUVIT25-VIT,2025-11-08T07:29:46.308764Z,0.71,25,no,6f16213a-c393-7c06-4d10-5aa690b7cbf9
KXCS2MAP-MOUVIT25-VIT,2025-11-08T07:28:57.098087Z,0.8,39,yes,ff40dfb8-125d-5b1b-f188-0b9d84c494a9
KXCS2MAP-MOUVIT25-VIT,2025-11-08T07:28:49.93805Z,0.8,59,yes,6e646004-f9a1-4d87-c461-59a34786e9dd
KXCS2MAP-MOUVIT25-VIT,2025-11-08T07:28:22.338256Z,0.51,98,no,5f00f7f4-2dd0-783f-45a5-4015d5d1bea8
KXCS2MAP-MOUVIT25-VIT,2025-11-08T07:27:58.896153Z,0.5,15,no,936b70ce-3b1f-64ca-1f53-7780c54a9a5f
KXCS2MAP-MOUVIT25-VIT,2025-11-08T07:27:58.896153Z,0.6,60,no,92030734-ab5e-6e48-3046-99ac4d188b9c
KXCS2MAP-MOUVIT25-VIT,2025-11-08T07:27:54.242707Z,0.94,84,yes,b16ad128-a708-6e50-540c-e9a594f7cf74
KXCS2MAP-MOUVIT25-VIT,2025-11-08T07:27:54.242707Z,0.98,615,yes,98e44399-2aa3-6a73-4073-a6b0ccea88a3
KXCS2MAP-MOUVIT25-VIT,2025-11-08T07:27:54.242707Z,0.89,660,yes,587b5047-3665-658b-68c7-b5c48204348a
KXCS2MAP-MOUVIT25-VIT,2025-11-08T07:27:54.242707Z,0.88,17,yes,3279882d-8e46-6d31-7bc3-8fca942195f5
KXCS2MAP-MOUVIT25-VIT,2025-11-08T07:27:35.544717Z,0.8,44,yes,b65b5677-ab6c-7cfa-1c65-a494894491a4
KXCS2MAP-MOUVIT25-VIT,2025-11-08T07:27:35.544717Z,0.89,29,yes,3be68375-2255-7147-25e6-911eb8adf106
KXCS2MAP-MOUVIT25-VIT,2025-11-08T07:27:35.544717Z,0.83,45,yes,1867e506-bbd9-76fc-2944-a4b2d0d2ad31
KXCS2MAP-MOUVIT25-VIT,2025-11-08T07:27:10.013508Z,0.8,13,yes,16944a57-8c40-6d56-850a-e24ea3b4d040
KXCS2MAP-MOUVIT25-VIT,2025-11-08T07:26:58.869837Z,0.66,16,yes,4795bbc8-ae4c-67f9-8b86-93177ac1289a
KXCS2MAP-MOUVIT25-VIT,2025-11-08T07:26:58.869837Z,0.63,10,yes,2b92d3e3-45b0-638d-9341-6bd685331fce
KXCS2MAP-MOUVIT25-VIT,2025-11-08T07:26:58.869837Z,0.8,13,yes,0db6496d-8ce0-6c62-acf1-e519d5912a40
KXCS2MAP-MOUVIT25-VIT,2025-11-08T07:26:54.037615Z,0.63,15,yes,7a270fe8-fbf8-7221-e69d-9c98de7d4e32
KXCS2MAP-MOUVIT25-VIT,2025-11-08T07:25:41.904275Z,0.6,85,yes,901554b5-85d7-700b-45d9-fff4b50ae425
KXCS2MAP-MOUVIT25-VIT,2025-11-08T07:25:29.856484Z,0.6,16,yes,eb7d0a41-3aa3-4dd7-2eab-7864343cb2bd
KXCS2MAP-MOUVIT25-VIT,2025-11-08T07:25:19.232315Z,0.6,29,yes,cee98355-70cb-746b-526e-3ed4f158cc1d
KXCS2MAP-MOUVIT25-VIT,2025-11-08T07:25:07.098378Z,0.5,140,yes,8fbbfd85-9d6d-40fc-8bc3-9fc8d505f905
KXCS2MAP-MOUVIT25-VIT,2025-11-08T07:25:07.098378Z,0.5,300,yes,7b023413-01c2-4cbd-a005-506b482f5483
KXCS2MAP-MOUVIT25-VIT,2025-11-08T07:24:54.743983Z,0.4,5,yes,5aed2cf3-70da-59c4-b418-655302cc1263
KXCS2MAP-MOUVIT25-VIT,2025-11-08T07:24:54.743983Z,0.48,136,yes,29c7ba11-13b8-5949-a8e7-b97dc117b4b6
KXCS2MAP-MOUVIT25-VIT,2025-11-08T07:24:25.645343Z,0.23,36,no,e6cbdefc-4957-5526-2eff-d664f69689d9
KXCS2MAP-MOUVIT25-VIT,2025-11-08T07:23:37.498218Z,0.49,14,yes,91d340cb-93f1-4331-00c7-9d72e974364e
KXCS2MAP-MOUVIT25-VIT,2025-11-08T07:23:37.498218Z,0.5,82,yes,708b393e-196f-4a6b-1121-7ba5deb60d85
KXCS2MAP-MOUVIT25-VIT,2025-11-08T07:23:16.552379Z,0.49,89,no,67fdd7b5-5a51-4241-389c-5cb5d9bace7b
KXCS2MAP-MOUVIT25-VIT,2025-11-08T07:23:16.524714Z,0.49,411,yes,49941180-486d-7e71-3b12-82d9a7e79c56
KXCS2MAP-MOUVIT25-VIT,2025-11-08T07:22:02.313656Z,0.4,23,yes,ad13002b-88ff-5967-53c0-d366e521b705
KXCS2MAP-MOUVIT25-VIT,2025-11-08T07:21:08.508066Z,0.4,11,yes,09821715-9283-406b-8fb7-0e46ab626115
KXCS2MAP-MOUVIT25-VIT,2025-11-08T07:20:39.366524Z,0.39,24,yes,7863aa2c-5e2b-5d45-ee69-3e9934b06ad0
KXCS2MAP-MOUVIT25-VIT,2025-11-08T07:20:34.869185Z,0.38,118,yes,c28e72da-7814-479d-c929-3bba95c7959d
KXCS2MAP-MOUVIT25-VIT,2025-11-08T07:20:26.51094Z,0.39,37,yes,ae394429-fae7-4b61-e448-bb07f9785c40
KXCS2MAP-MOUVIT25-VIT,2025-11-08T07:20:26.51094Z,0.35,27,yes,9787dc21-f7e5-4286-d9c7-7f35ae9ae933
KXCS2MAP-MOUVIT25-VIT,2025-11-08T07:20:00.765442Z,0.35,273,yes,3f5d2a92-aebd-54de-4d0e-10f85e4970d7
KXCS2MAP-MOUVIT25-VIT,2025-11-08T07:19:22.48581Z,0.19,24,yes,7789b17a-59ee-4da7-6bed-91fcc44af180
KXCS2MAP-MOUVIT25-VIT,2025-11-08T07:18:50.875316Z,0.14,189,yes,e210c8c0-7f11-5534-8364-2ececb687b55
KXCS2MAP-MOUVIT25-VIT,2025-11-08T07:17:50.530342Z,0.14,134,yes,4c2c60ab-b17d-51dc-2549-e670feb1d549
KXCS2MAP-MOUVIT25-VIT,2025-11-08T07:17:45.158539Z,0.14,20,yes,6e810820-1dfd-61a8-4ac8-36b7b8dc0179
KXCS2MAP-MOUVIT25-VIT,2025-11-08T07:17:34.9556Z,0.14,101,yes,63f04f1d-a5d9-5298-fae5-4bdf26e01fd9
KXCS2MAP-MOUVIT25-VIT,2025-11-08T07:16:52.848102Z,0.14,33,yes,97a4ed57-04fd-6408-1aa0-3cc7c295a945
KXCS2MAP-MOUVIT25-VIT,2025-11-08T07:16:34.512519Z,0.09,23,yes,e98620f9-9c69-6bd0-aa2b-8a88b9e6b8f1
KXCS2MAP-MOUVIT25-VIT,2025-11-08T07:16:34.512519Z,0.09,43,yes,dd058b54-4eb1-6e4a-936a-62007bb2163c
KXCS2MAP-MOUVIT25-VIT,2025-11-08T07:15:18.399412Z,0.09,20,yes,86a93331-5431-6662-6556-71ac3f75c4a4
KXCS2MAP-MOUVIT25-VIT,2025-11-08T07:15:15.834344Z,0.09,20,yes,c33fb3e3-637d-47b2-9674-30f094e0932c
KXCS2MAP-MOUVIT25-VIT,2025-11-08T07:14:14.00662Z,0.08,9,yes,cad61625-c1d5-540e-97a5-3d56d230b4d0
KXCS2MAP-MOUVIT25-VIT,2025-11-08T07:14:14.00662Z,0.06,260,yes,742a8b5f-f3a7-5237-9258-5d66e9cd6c4a
KXCS2MAP-MOUVIT25-VIT,2025-11-08T07:12:41.273997Z,0.05,93,yes,80846760-37af-7267-a166-6f7ce0fae7a2
KXCS2MAP-MOUVIT25-VIT,2025-11-08T07:12:38.683948Z,0.05,10,yes,66f81311-357f-7533-f4c7-3756340991e6
KXCS2MAP-MOUVIT25-VIT,2025-11-08T07:12:24.760832Z,0.05,37,yes,89d03f96-31d7-5c7b-8cd9-d1d2ad71aa9e
KXCS2MAP-MOUVIT25-VIT,2025-11-08T07:10:36.40035Z,0.05,100,yes,de96670c-c9db-5343-a3ca-d7d174ce2eba
KXCS2MAP-MOUVIT25-VIT,2025-11-08T07:09:20.515824Z,0.06,62,yes,18914dd4-1594-72ee-31d5-c8bc04139470
KXCS2MAP-MOUVIT25-VIT,2025-11-08T07:09:17.126503Z,0.06,15,yes,9a39f08b-109c-401a-e777-a8d63431dc84
KXCS2MAP-MOUVIT25-VIT,2025-11-08T07:08:22.145157Z,0.01,318,yes,6c212bc2-2492-64e4-aea6-65a1f76f0a6d
KXCS2MAP-MOUVIT25-VIT,2025-11-08T07:08:17.858388Z,0.01,6,yes,1823791d-6e7e-42cc-cc3e-effd700fa755
KXCS2MAP-MOUVIT25-VIT,2025-11-08T07:08:17.858388Z,0.01,274,yes,08622d1f-e673-4f1f-efb1-dae2a0b04efa
KXCS2MAP-MOUVIT25-VIT,2025-11-08T07:08:09.774964Z,0.01,62,yes,d0defee3-fdbb-68fb-fd8c-71f404e390ae
KXCS2MAP-MOUVIT25-VIT,2025-11-08T07:08:04.918712Z,0.01,36,yes,4333d3ba-b65f-5dbf-fe71-590b1c4cb2fe
KXCS2MAP-MOUVIT25-VIT,2025-11-08T07:08:04.918712Z,0.01,178,yes,05127020-23d2-59c1-ed46-2041a1f87710
KXCS2MAP-MOUVIT25-VIT,2025-11-08T07:07:55.666081Z,0.01,90,yes,f55d7665-dad2-6e09-cbc9-15fa81279908
KXCS2MAP-MOUVIT25-VIT,2025-11-08T07:07:44.750764Z,0.01,182,no,bd7c1e0f-ea7c-64fc-068f-d9289f6e9879
KXCS2MAP-MOUVIT25-VIT,2025-11-08T07:07:44.750764Z,0.01,200,no,479b29c8-b3cb-6797-305a-42bb80b07451
KXCS2MAP-MOUVIT25-VIT,2025-11-08T07:06:54.458442Z,0.01,18,no,a89115e3-29fc-4d34-7c29-6f4bf500a191
KXCS2MAP-MOUVIT25-VIT,2025-11-08T07:06:21.096499Z,0.07,214,yes,d788f3e2-16fb-4301-8230-800d3f9e7516
KXCS2MAP-MOUVIT25-VIT,2025-11-08T07:05:14.879402Z,0.09,73,yes,b58ccfa5-629a-60d5-2e93-5d5a1e1afad5
KXCS2MAP-MOUVIT25-VIT,2025-11-08T07:04:04.530285Z,0.12,100,no,18288a4e-edcd-46ed-f7b1-6a6b886231f3
KXCS2MAP-MOUVIT25-VIT,2025-11-08T07:03:25.1938Z,0.11,69,no,d90bc75f-0bdf-4f72-6fa8-05c211b72722
KXCS2MAP-MOUVIT25-VIT,2025-11-08T07:03:21.746972Z,0.12,197,no,9867653b-9177-518c-03bf-8fdaa8607eaf
KXCS2MAP-MOUVIT25-VIT,2025-11-08T07:02:52.88524Z,0.2,62,no,f384dda6-995a-6570-b1c7-5053f12ec620
KXCS2MAP-MOUVIT25-VIT,2025-11-08T07:02:52.88524Z,0.2,75,no,aba24479-34cd-6841-8868-c086341488ec
KXCS2MAP-MOUVIT25-VIT,2025-11-08T07:02:51.159784Z,0.21,25,no,aaac48eb-e29a-6861-1f3b-ab11455754fd
KXCS2MAP-MOUVIT25-VIT,2025-11-08T07:00:47.767654Z,0.23,41,no,4695158f-ca17-73cb-a649-b1262b484fc0
KXCS2MAP-MOUVIT25-VIT,2025-11-08T07:00:35.241771Z,0.25,200,yes,f17f1d23-7f4c-528e-d008-06db3faaa1e9
KXCS2MAP-MOUVIT25-VIT,2025-11-08T07:00:34.414053Z,0.22,369,yes,22d7b909-1a7c-5502-0671-2f262d930f09
KXCS2MAP-MOUVIT25-VIT,2025-11-08T07:00:32.15663Z,0.22,86,yes,31b37d0d-06ac-6032-6205-b5d95cbbf031
KXCS2MAP-MOUVIT25-VIT,2025-11-08T06:59:31.999237Z,0.22,4,yes,5d6362b5-7cd0-6fe6-717f-6de64e581c09
KXCS2MAP-MOUVIT25-VIT,2025-11-08T06:59:08.468173Z,0.21,52,yes,7eea0095-709f-7f3e-92eb-6fd15d696fb0
KXCS2MAP-MOUVIT25-VIT,2025-11-08T06:57:21.901609Z,0.22,41,yes,6df52719-c690-7eb6-d256-31145a1e630d
KXCS2MAP-MOUVIT25-VIT,2025-11-08T06:56:59.114627Z,0.23,20,yes,f60323b6-fe7f-7b52-21e4-6c8596746328
KXCS2MAP-MOUVIT25-VIT,2025-11-08T06:55:50.153441Z,0.24,17,yes,b67410a1-8bb2-52b9-afcb-a0cac17cce6f
KXCS2MAP-MOUVIT25-VIT,2025-11-08T06:55:45.505381Z,0.24,19,yes,264fd4c3-86a2-79e5-9ea7-ead9a9bd48cb
KXCS2MAP-MOUVIT25-VIT,2025-11-08T06:55:38.655939Z,0.24,150,yes,4c65bb8c-d086-704d-504e-6a9a66d5a083
KXCS2MAP-MOUVIT25-VIT,2025-11-08T06:55:29.296029Z,0.21,4,yes,6d6f1118-0886-7939-618b-cae0a88c9857
KXCS2MAP-MOUVIT25-VIT,2025-11-08T06:54:36.083113Z,0.11,7,no,76d2c671-d66f-5d8e-1f60-7f8910b36c22
KXCS2MAP-MOUVIT25-VIT,2025-11-08T06:54:15.331718Z,0.18,75,no,6c706f71-c237-5430-2873-ad9fcbeea9c7
KXCS2MAP-MOUVIT25-VIT,2025-11-08T06:54:15.331718Z,0.11,38,no,4c5bde3c-ea3b-5066-257a-82967bda9cba
KXCS2MAP-MOUVIT25-VIT,2025-11-08T06:53:58.823138Z,0.19,30,no,f674b31a-5f33-6d54-afa7-166cf5278ec7
KXCS2MAP-MOUVIT25-VIT,2025-11-08T06:53:19.576823Z,0.2,176,no,75ddf918-218f-5c44-6161-1729791e0a73
KXCS2MAP-MOUVIT25-VIT,2025-11-08T06:52:33.51603Z,0.22,152,no,e0fbf780-6e4f-6090-2d2b-8ccd97236ea7
KXCS2MAP-MOUVIT25-VIT,2025-11-08T06:50:11.519166Z,0.37,5,yes,c9ec5d31-1e3c-7936-d8d1-3f9b43142da1
KXCS2MAP-MOUVIT25-VIT,2025-11-08T06:49:39.29361Z,0.34,13,no,33677033-4975-44f5-113c-fcc94a650835
KXCS2MAP-MOUVIT25-VIT,2025-11-08T06:49:39.29361Z,0.34,5,no,25942828-2e05-489e-0b81-16adce95c189
KXCS2MAP-MOUVIT25-VIT,2025-11-08T06:49:22.125905Z,0.34,20,no,0356779f-cf55-521d-291a-e5ea4c00a2f9
KXCS2MAP-MOUVIT25-VIT,2025-11-08T06:49:11.577409Z,0.34,17,no,ed35eb15-2465-74e5-ba92-fecb02d82da1
KXCS2MAP-MOUVIT25-VIT,2025-11-08T06:49:06.640828Z,0.37,50,yes,994128b7-cb3c-6efe-c338-947bf2e238b1
KXCS2MAP-MOUVIT25-VIT,2025-11-08T06:48:13.235127Z,0.38,7,yes,4197509f-add2-73dd-15e8-9e030c9096b3
KXCS2MAP-MOUVIT25-VIT,2025-11-08T06:47:55.542374Z,0.39,7,yes,aefec45b-fcd7-74a6-8dfe-966b0d4811bc
KXCS2MAP-MOUVIT25-VIT,2025-11-08T06:47:12.508993Z,0.34,14,yes,8747fb61-8582-69fc-c6bd-087f11ee5421
KXCS2MAP-MOUVIT25-VIT,2025-11-08T06:45:38.053124Z,0.42,91,yes,487deb9d-c0e3-746a-ac32-e3fd10f31038
KXCS2MAP-MOUVIT25-VIT,2025-11-08T06:45:19.395765Z,0.3,42,no,c6bd7657-8247-7c6e-8416-d84e00e7b4b2
KXCS2MAP-MOUVIT25-VIT,2025-11-08T06:45:19.395765Z,0.31,50,no,16fa7173-3975-7b65-ac02-4f089f7d0b73
KXCS2MAP-MOUVIT25-VIT,2025-11-08T06:45:09.203644Z,0.34,99,no,25b60564-9ce0-5387-b1e2-5e92d3715c93
KXCS2MAP-MOUVIT25-VIT,2025-11-08T06:45:06.317999Z,0.34,1,no,6ebdece9-f424-548f-8e9c-646f6dd99513
KXCS2MAP-MOUVIT25-VIT,2025-11-08T06:44:52.536525Z,0.44,21,yes,379df810-3148-577c-efea-64d6b1523ba8
KXCS2MAP-MOUVIT25-VIT,2025-11-08T06:44:18.196291Z,0.46,50,yes,4964ad82-cb71-5d7a-b097-1f42980ffa26
KXCS2MAP-MOUVIT25-VIT,2025-11-08T06:44:18.196291Z,0.47,63,yes,37aae9eb-9fa0-50af-b446-a1b81c7f8f09
KXCS2MAP-MOUVIT25-VIT,2025-11-08T06:43:11.689236Z,0.33,1,no,005aa020-31b3-6fd2-d769-8086ebb4571a
KXCS2MAP-MOUVIT25-VIT,2025-11-08T06:42:57.252668Z,0.33,88,no,b8700126-146b-6652-0e1f-1417f9d16006
KXCS2MAP-MOUVIT25-VIT,2025-11-08T06:42:57.252668Z,0.34,50,no,7275cdb7-ce84-60db-1ce4-157c2ca0e862
KXCS2MAP-MOUVIT25-VIT,2025-11-08T06:41:21.576149Z,0.56,8,yes,91d6c288-f599-6586-15ab-3795431e67d8
KXCS2MAP-MOUVIT25-VIT,2025-11-08T06:41:09.28244Z,0.57,191,yes,dcafec9d-fe33-6c6e-7445-167145bd0864
KXCS2MAP-MOUVIT25-VIT,2025-11-08T06:41:09.28244Z,0.56,145,yes,61d03fa8-ed63-6dfe-69d1-fee215bd1e6a
KXCS2MAP-MOUVIT25-VIT,2025-11-08T06:41:02.54707Z,0.56,6,yes,f426a72f-21df-44b2-bd22-30a3177b472c
KXCS2MAP-MOUVIT25-VIT,2025-11-08T06:40:55.576209Z,0.52,279,yes,01b20cdb-06b3-5bfc-1f10-47995d86888a
KXCS2MAP-MOUVIT25-VIT,2025-11-08T06:40:27.733508Z,0.44,100,yes,f14e9ad6-b8a1-637c-0ca3-c6e95e8ac189
KXCS2MAP-MOUVIT25-VIT,2025-11-08T06:39:09.692511Z,0.34,9,no,52dd67fe-5fa3-4040-928e-0ca5a131d1f7
KXCS2MAP-MOUVIT25-VIT,2025-11-08T06:39:09.692511Z,0.43,8,no,4ee43acc-526c-4a51-ad6f-0af8cecb9d19
KXCS2MAP-MOUVIT25-VIT,2025-11-08T06:39:03.556229Z,0.43,17,no,056f35ea-7168-6fb9-799c-53c7c16e4575
KXCS2MAP-MOUVIT25-VIT,2025-11-08T06:38:36.043386Z,0.34,20,no,2420ebac-9860-5ca8-1f45-f056dc76c206
KXCS2MAP-MOUVIT25-VIT,2025-11-08T06:38:00.88752Z,0.45,100,no,20f9f632-3ab8-619e-8bac-6f8698cb4069
KXCS2MAP-MOUVIT25-VIT,2025-11-08T06:36:51.841617Z,0.55,17,yes,71c992ce-07a6-5489-8b53-306689931452
KXCS2MAP-MOUVIT25-VIT,2025-11-08T06:36:22.596055Z,0.55,165,yes,99e2ab04-5384-6e07-c5d5-08889c90adba
KXCS2MAP-MOUVIT25-VIT,2025-11-08T06:36:22.596055Z,0.6,11,yes,5af8b6ff-c4df-6d4e-d42d-0dbb8f3c46a4
KXCS2MAP-MOUVIT25-VIT,2025-11-08T06:34:30.837622Z,0.54,5,no,b2666782-386c-7d0f-4e75-12baee55871e
KXCS2MAP-MOUVIT25-VIT,2025-11-08T06:34:30.837622Z,0.44,50,no,a455d955-ff5b-7e0e-7fec-6205adb03eda
KXCS2MAP-MOUVIT25-VIT,2025-11-08T06:34:30.837622Z,0.5,22,no,508ee9c3-fc7c-78a5-4ebf-e2e7aff8986d
KXCS2MAP-MOUVIT25-VIT,2025-11-08T06:34:29.516773Z,0.55,264,no,2658961d-16b9-60b1-d098-d7c7871bc5f5
KXCS2MAP-MOUVIT25-VIT,2025-11-08T06:34:19.854367Z,0.55,36,no,0c1055fd-87f9-4c5d-fb5d-c35fc7723d1d
KXCS2MAP-MOUVIT25-VIT,2025-11-08T06:33:49.337941Z,0.55,5,no,f0cbbfc6-4c47-54a8-9937-8c49b7719e73
KXCS2MAP-MOUVIT25-VIT,2025-11-08T06:33:49.337941Z,0.56,1,no,bcc672d1-e7cc-5eae-b9cf-6ba714036575
KXCS2MAP-MOUVIT25-VIT,2025-11-08T06:33:46.515826Z,0.62,107,yes,bab2a7d8-8144-4507-9910-db7ca62b793e
KXCS2MAP-MOUVIT25-VIT,2025-11-08T06:33:46.515826Z,0.61,50,yes,26e20c5b-b368-4c58-a166-4a6cf134fbdf
KXCS2MAP-MOUVIT25-VIT,2025-11-08T06:33:21.851748Z,0.58,550,no,b9a690f5-a724-5d7e-9016-28d953d10386
KXCS2MAP-MOUVIT25-VIT,2025-11-08T06:33:19.86117Z,0.62,20,yes,34a95390-d70c-5d1b-6fac-d78fec98ee66
KXCS2MAP-MOUVIT25-VIT,2025-11-08T06:29:53.308021Z,0.68,208,yes,4cb64988-e780-7217-e29f-b977d0ec716e
KXCS2MAP-MOUVIT25-VIT,2025-11-08T06:28:19.925945Z,0.71,69,yes,ca5f152f-60bc-5a1c-fde1-284d999777b8
KXCS2MAP-MOUVIT25-VIT,2025-11-08T06:26:05.211427Z,0.68,17,yes,ae6835a9-2097-5821-342e-16acc5b12392
KXCS2MAP-MOUVIT25-VIT,2025-11-08T06:26:05.211427Z,0.67,19,yes,9305effa-c527-5133-1793-765831693d89
KXCS2MAP-MOUVIT25-VIT,2025-11-08T06:24:56.589446Z,0.68,24,yes,d006075a-8720-78d3-27db-ee7543e55366
KXCS2MAP-MOUVIT25-VIT,2025-11-08T06:24:28.247235Z,0.69,2,yes,cb7cc576-7fab-697f-89ba-90f183f64ec2
KXCS2MAP-MOUVIT25-VIT,2025-11-08T06:24:28.247235Z,0.67,5,yes,7804e948-bb5f-69b0-9666-2cb8a80c54c9
KXCS2MAP-MOUVIT25-VIT,2025-11-08T06:23:44.925381Z,0.59,3,no,756ab850-9217-61aa-b205-697e63fdf008
KXCS2MAP-MOUVIT25-VIT,2025-11-08T06:23:44.925381Z,0.58,5,no,4a7921e0-69b4-69d8-a5bc-8c750a9e6bd4
KXCS2MAP-MOUVIT25-VIT,2025-11-08T06:23:44.925381Z,0.56,4,no,4a608b22-a034-6142-8e3c-c7e5802a843d
KXCS2MAP-MOUVIT25-VIT,2025-11-08T06:23:44.925381Z,0.6,2,no,48aaca9d-56d1-6409-9f43-9ffff8ef8001
KXCS2MAP-MOUVIT25-VIT,2025-11-08T06:23:44.925381Z,0.57,5,no,1fdebcce-c087-688b-ae96-4ac0703099d2
KXCS2MAP-MOUVIT25-VIT,2025-11-08T06:23:44.925381Z,0.61,3,no,1ba5dc93-8253-6018-b3de-aea8f88066b7
KXCS2MAP-MOUVIT25-VIT,2025-11-08T06:22:04.38142Z,0.68,12,yes,9bc3a77f-6a9e-6dbc-2c4f-cf19bfaef55a
KXCS2MAP-MOUVIT25-VIT,2025-11-08T06:22:04.38142Z,0.69,126,yes,73b8e32d-4bbb-6373-01c6-2a453fddf3ee
KXCS2MAP-MOUVIT25-VIT,2025-11-08T06:19:24.519863Z,0.59,2,no,f3ca6af8-56ff-6f1e-ada2-c6a36c896960
KXCS2MAP-MOUVIT25-VIT,2025-11-08T06:19:24.519863Z,0.6,5,no,8d223185-b4ad-62a0-84bf-51d0b87286b0
KXCS2MAP-MOUVIT25-VIT,2025-11-08T06:19:24.519863Z,0.62,5,no,72458954-aff8-603e-831e-0ac913f0d4af
KXCS2MAP-MOUVIT25-VIT,2025-11-08T06:19:24.519863Z,0.61,5,no,31c9442b-b43c-649a-b289-e9545ff3c89a
KXCS2MAP-MOUVIT25-VIT,2025-11-08T06:19:24.519863Z,0.64,4,no,070b8817-f32f-6f1d-aeb4-5be742713331
KXCS2MAP-MOUVIT25-VIT,2025-11-08T06:18:47.281667Z,0.64,15,no,ea31b139-624b-7ced-1d3b-ba9b61348555
KXCS2MAP-MOUVIT25-VIT,2025-11-08T06:18:47.281667Z,0.64,5,no,5a11bf66-3520-7a83-2b34-ae1fccd62997
KXCS2MAP-MOUVIT25-VIT,2025-11-08T06:18:26.099857Z,0.71,13,yes,5140c6f0-f400-79ad-0215-1e3c696459bf
KXCS2MAP-MOUVIT25-VIT,2025-11-08T06:16:22.430499Z,0.67,18,yes,1c6d187a-90ac-7083-9794-463bf8d522f4
KXCS2MAP-MOUVIT25-VIT,2025-11-08T06:14:51.02975Z,0.66,9,yes,bf2851b5-6b2f-6259-1c23-60812ded298b
KXCS2MAP-MOUVIT25-VIT,2025-11-08T06:14:51.02975Z,0.67,50,yes,62db2915-f3de-63ae-0473-78508c10e80f
KXCS2MAP-MOUVIT25-VIT,2025-11-08T06:14:51.02975Z,0.7,82,yes,1a381c0a-e9bb-658c-196c-445dffb35522
KXCS2MAP-MOUVIT25-VIT,2025-11-08T06:14:15.655293Z,0.68,28,yes,cc951f5b-4b03-4223-3243-2812f53740dd
KXCS2MAP-MOUVIT25-VIT,2025-11-08T06:13:18.698061Z,0.71,138,yes,3de64202-29c5-7aba-9133-9a71131fb54f
KXCS2MAP-MOUVIT25-VIT,2025-11-08T06:08:26.703562Z,0.84,1,yes,7a3f8f9c-b082-64f5-41fd-bdae7f382330
KXCS2MAP-MOUVIT25-VIT,2025-11-08T06:06:50.10294Z,0.69,350,yes,fc7a5da3-442e-7981-1c13-5fa81cee935f
KXCS2MAP-MOUVIT25-VIT,2025-11-08T06:06:50.10294Z,0.69,14,yes,e84ce400-4ecb-75b5-001c-d4f7c0db3d12
KXCS2MAP-MOUVIT25-VIT,2025-11-08T06:06:50.10294Z,0.92,67,yes,c7540580-6d48-75bc-37f7-e66ffcfa9966
KXCS2MAP-MOUVIT25-VIT,2025-11-08T06:06:50.10294Z,0.91,22,yes,bb2aa47f-d8d5-789a-3f3c-f29ef06c7c91
KXCS2MAP-MOUVIT25-VIT,2025-11-08T06:06:50.10294Z,0.68,231,yes,6b268440-027a-7c85-3817-c55914bf047e
KXCS2MAP-MOUVIT25-VIT,2025-11-08T06:00:31.650191Z,0.57,5,no,35bb5f49-26d3-6746-6bd7-56af39caa5be
KXCS2MAP-MOUVIT25-VIT,2025-11-08T06:00:31.650191Z,0.57,57,no,0fcdeb54-ef71-6429-73be-45eb0f552e8c
KXCS2MAP-MOUVIT25-VIT,2025-11-08T05:59:49.564341Z,0.65,150,yes,d78e4d98-a3b6-769b-09dc-f76fa8d46839
KXCS2MAP-MOUVIT25-VIT,2025-11-08T05:58:49.191071Z,0.64,65,yes,7f91b2f9-2160-6044-b640-f5a1ccf8ccbb
KXCS2MAP-MOUVIT25-VIT,2025-11-08T05:58:49.191071Z,0.65,10,yes,31f0ad56-fbda-6de3-898d-176553fea0fd
KXCS2MAP-MOUVIT25-VIT,2025-11-08T05:55:30.423254Z,0.64,50,yes,c23c11ec-8940-7c50-2b90-a4027036c5ff
KXCS2MAP-MOUVIT25-VIT,2025-11-08T05:53:51.033841Z,0.64,152,yes,b62fb88f-478c-67d4-b98e-f3723d98f587
KXCS2MAP-MOUVIT25-VIT,2025-11-08T05:53:21.555431Z,0.64,30,yes,ae7fe232-2950-5ba8-a98a-8f3c159a7fc7
KXCS2MAP-MOUVIT25-VIT,2025-11-08T05:52:56.322311Z,0.64,3,yes,55e03314-c81c-4e90-a83f-2696bc23ec83
KXCS2MAP-MOUVIT25-VIT,2025-11-08T05:51:01.214655Z,0.65,75,yes,fba05dd2-4f1e-5bc3-a4bb-73f1512b87a9
KXCS2MAP-MOUVIT25-VIT,2025-11-08T05:50:50.492211Z,0.65,81,yes,d83a7557-ecfe-5d27-15e0-dc6d9b736a8d
KXCS2MAP-MOUVIT25-VIT,2025-11-08T05:50:50.492211Z,0.65,214,yes,64416b4b-2035-5614-11b4-40b220fa2ecb
KXCS2MAP-MOUVIT25-VIT,2025-11-08T05:48:07.400112Z,0.65,3,yes,6c93d8ae-40c1-64ac-24ae-b26765c4c7e7
KXCS2MAP-MOUVIT25-VIT,2025-11-08T05:46:53.96134Z,0.65,35,yes,cda602fa-0c3d-75e4-02a6-740fe20993c7
KXCS2MAP-MOUVIT25-VIT,2025-11-08T05:39:52.658644Z,0.64,320,yes,f408ea19-1329-4f38-8338-240393fbb99b
KXCS2MAP-MOUVIT25-VIT,2025-11-08T05:39:52.658644Z,0.63,294,yes,2f52028d-6ce2-47f5-b7fd-3db63ab414c7
KXCS2MAP-MOUVIT25-VIT,2025-11-08T05:38:38.827509Z,0.63,6,yes,3d4804e9-69c2-70ed-e8c3-176f5c542c8f
KXCS2MAP-MOUVIT25-VIT,2025-11-08T05:37:59.748706Z,0.63,92,yes,d1a6135c-969a-5fb9-4f4b-cbc7f78623b3
KXCS2MAP-MOUVIT25-VIT,2025-11-08T05:37:17.928662Z,0.63,7,yes,fcf85d2a-4a7e-48e1-dd8c-e95f3145a5b7
KXCS2MAP-MOUVIT25-VIT,2025-11-08T05:36:29.50779Z,0.63,30,yes,dea7572a-89ce-79fd-7c6a-f8723d51e8df
KXCS2MAP-MOUVIT25-VIT,2025-11-08T05:35:11.115938Z,0.64,1,yes,a029403e-ab45-459c-4c88-55891cd408b3
KXCS2MAP-MOUVIT25-VIT,2025-11-08T05:35:02.802931Z,0.64,259,yes,94ad3cf4-94bd-4650-0f50-ba3777f01ffb
KXCS2MAP-MOUVIT25-VIT,2025-11-08T05:33:31.10108Z,0.63,284,yes,c1bcaece-b86c-4c70-ee59-94b2bf835c92
KXCS2MAP-MOUVIT25-VIT,2025-11-08T05:33:31.10108Z,0.64,168,yes,a6276cab-272d-4184-fc31-ccdaffc6790f
KXCS2MAP-MOUVIT25-VIT,2025-11-08T05:33:26.154994Z,0.63,216,yes,f25db63f-f0d8-60b8-d056-0effc598ef3e
KXCS2MAP-MOUVIT25-VIT,2025-11-08T05:31:22.596476Z,0.56,90,no,842fd343-81dd-622c-1851-5c5c2fb2d07a
KXCS2MAP-MOUVIT25-VIT,2025-11-08T05:14:55.799962Z,0.66,81,yes,08106f3f-3482-6a19-4dc4-f792874aa56a
KXCS2MAP-MOUVIT25-VIT,2025-11-08T05:09:06.347783Z,0.67,14,yes,7396a73a-9156-4ad5-ca33-9c2816e91347
KXCS2MAP-MOUVIT25-VIT,2025-11-08T04:51:57.221068Z,0.68,2,yes,02564b01-3082-5f5d-a70f-0c418aa025a6
KXCS2MAP-MOUVIT25-VIT,2025-11-08T04:50:22.785632Z,0.65,12,yes,f1cc3c3b-7694-45cd-3da4-4d5761fd03a3
KXCS2MAP-MOUVIT25-VIT,2025-11-08T04:50:22.785632Z,0.68,34,yes,850be214-675a-4a61-2483-e788d1699fce
KXCS2MAP-MOUVIT25-VIT,2025-11-08T04:25:18.478024Z,0.64,152,yes,bae1ea55-cb82-4f49-810f-2b8dbdb65cd6
KXCS2MAP-MOUVIT25-VIT,2025-11-08T03:55:43.45705Z,0.65,7,yes,638e5e27-bd18-69f9-e14f-baa31ae98853
KXCS2MAP-MOUVIT25-VIT,2025-11-08T03:15:27.543162Z,0.65,15,yes,0b4d21c7-5344-4ca1-9e99-5465816f1ec7
KXCS2MAP-MOUVIT25-VIT,2025-11-08T02:34:38.675459Z,0.65,37,yes,814d70e9-7c1c-6ff9-33a1-37f301fd10fb
KXCS2MAP-MOUVIT25-VIT,2025-11-08T02:33:46.583563Z,0.65,23,yes,5697653d-6d2c-7c69-4915-06d4e59d3323
KXCS2MAP-MOUVIT25-VIT,2025-11-08T00:14:16.762006Z,0.65,6,yes,f544004b-d8d4-7821-2dec-7cba221561bb
KXCS2MAP-MOUVIT25-VIT,2025-11-07T22:10:21.470886Z,0.59,41,yes,e6610fee-1eb0-4f16-0096-6d73f260f10b
KXCS2MAP-MOUVIT25-VIT,2025-11-07T21:54:32.571179Z,0.59,60,yes,8b15277b-0abc-6b52-4f7a-808f0b64d2df
