ticker,created_time,price,count,taker_side,trade_id
KXCS2MAP-MOUVIT25-MOU,2025-11-08T16:22:00.689295Z,0.01,173,yes,75816282-4996-4c50-9062-49226713f0fb
KXCS2MAP-MOUVIT25-MOU,2025-11-08T08:50:46.94982Z,0.01,14,yes,334bc0a2-04e0-555d-ae2b-8cd66d538ea1
KXCS2MAP-MOUVIT25-MOU,2025-11-08T08:49:22.584792Z,0.01,3,yes,de6aecae-2104-5559-07da-40288f51441d
KXCS2MAP-MOUVIT25-MOU,2025-11-08T08:12:38.405546Z,0.01,467,yes,2b54f364-d08c-5809-f5e7-cb23bd9b2325
KXCS2MAP-MOUVIT25-MOU,2025-11-08T08:05:24.549662Z,0.01,1402,yes,c2809e65-6c5c-7b79-486c-6fee1782e82d
KXCS2MAP-MOUVIT25-MOU,2025-11-08T08:02:51.746417Z,0.01,48,yes,415ab5ee-4a94-48a9-9d91-8a3a182e8b5d
KXCS2MAP-MOUVIT25-MOU,2025-11-08T07:49:26.381571Z,0.01,93,yes,4a844784-55d0-4a8d-4135-3bb87d353279
KXCS2MAP-MOUVIT25-MOU,2025-11-08T07:35:22.658583Z,0.01,5,yes,39c10948-4780-54b1-b937-3ec1f00efdfd
KXCS2MAP-MOUVIT25-MOU,2025-11-08T07:35:09.967408Z,0.01,57,yes,9fedca1a-86a4-6ff9-a232-8426ed6ac4ad
KXCS2MAP-MOUVIT25-MOU,2025-11-08T07:35:08.102472Z,0.01,10,yes,231ba33a-2fa8-57f1-998c-8ae61c1dc53d
KXCS2MAP-MOUVIT25-MOU,2025-11-08T07:34:02.883128Z,0.05,8,no,75ba1cf7-3af0-5f73-0972-377041c755c7
KXCS2MAP-MOUVIT25-MOU,2025-11-08T07:34:02.744652Z,0.09,1,yes,29a2f51c-a315-6c34-bafb-212c6ce9cd76
KXCS2MAP-MOUVIT25-MOU,2025-11-08T07:33:55.797866Z,0.09,8,yes,fe62d30c-dc61-633c-055e-963ab5936176
KXCS2MAP-MOUVIT25-MOU,2025-11-08T07:33:50.32499Z,0.09,69,yes,f39cd6e4-5565-46fc-987f-07c1b8c5138a
KXCS2MAP-MOUVIT25-MOU,2025-11-08T07:33:44.310105Z,0.09,50,yes,70850242-d751-4278-614d-bd5ce79e4da6
KXCS2MAP-MOUVIT25-MOU,2025-11-08T07:31:27.291669Z,0.01,200,yes,a7ea2b00-e7ba-5900-5128-ad4d6741c1d4
KXCS2MAP-MOUVIT25-MOU,2025-11-08T07:31:10.22454Z,0.01,200,no,bfa0ad6d-6e4f-40be-8bec-1efade466811
KXCS2MAP-MOUVIT25-MOU,2025-11-08T07:31:10.22454Z,0.02,100,no,b7f3895b-23db-44a2-b178-021edf0aee96
KXCS2MAP-MOUVIT25-MOU,2025-11-08T07:31:10.22454Z,0.01,194,no,7e09e32d-95d5-496c-97b1-b3bc3fe61abf
KXCS2MAP-MOUVIT25-MOU,2025-11-08T07:29:50.873366Z,0.3,100,yes,7f341f45-fdca-5add-5fd9-4f9ebccc2131
KXCS2MAP-MOUVIT25-MOU,2025-11-08T07:29:46.281294Z,0.32,104,yes,cde27e26-3725-4a2f-b9ab-8f96f9cf6be8
KXCS2MAP-MOUVIT25-MOU,2025-11-08T07:29:34.633385Z,0.22,176,yes,1f5fed5b-3d28-6339-964d-f11b00e9b779
KXCS2MAP-MOUVIT25-MOU,2025-11-08T07:29:04.330343Z,0.22,28,no,907ac4a5-324b-6c28-f499-9a940eecd06f
KXCS2MAP-MOUVIT25-MOU,2025-11-08T07:29:03.823778Z,0.22,163,no,a736b7bb-b37b-713c-88c6-8d1d52c25e0f
KXCS2MAP-MOUVIT25-MOU,2025-11-08T07:28:59.738245Z,0.22,470,no,e1e0a528-6da4-785d-36eb-fd8dbea9da49
KXCS2MAP-MOUVIT25-MOU,2025-11-08T07:28:49.454904Z,0.25,15,no,f401894b-21e1-4e9f-579f-d3c865737ea6
KXCS2MAP-MOUVIT25-MOU,2025-11-08T07:28:23.586876Z,0.3,250,no,f2bf724f-01d8-74ad-6524-0a89d913152d
KXCS2MAP-MOUVIT25-MOU,2025-11-08T07:28:18.334964Z,0.3,500,no,c78f0811-1534-627d-8ee9-531f4da51e6d
KXCS2MAP-MOUVIT25-MOU,2025-11-08T07:28:17.01099Z,0.39,38,yes,381e84cd-6bee-67a5-5aca-04d37944f8f9
KXCS2MAP-MOUVIT25-MOU,2025-11-08T07:27:54.261745Z,0.26,17,no,f0e9ee60-4192-564f-aa26-352db3f026fc
KXCS2MAP-MOUVIT25-MOU,2025-11-08T07:27:42.795118Z,0.28,125,no,68079a9a-9dd6-71b3-0b1f-9e8fb17830ec
KXCS2MAP-MOUVIT25-MOU,2025-11-08T07:26:34.264698Z,0.3,98,no,a02c2d41-89dd-543a-9adf-865ae1479cc7
KXCS2MAP-MOUVIT25-MOU,2025-11-08T07:26:34.244061Z,0.59,125,yes,867b5704-a064-5738-17a5-d792355cc469
KXCS2MAP-MOUVIT25-MOU,2025-11-08T07:26:18.258489Z,0.3,3,no,aef04529-dc09-5786-c878-372e8cb1159f
KXCS2MAP-MOUVIT25-MOU,2025-11-08T07:25:32.061884Z,0.33,63,no,c9a0e41d-5f78-5bbc-a3b0-d48853ad92bf
KXCS2MAP-MOUVIT25-MOU,2025-11-08T07:25:32.061884Z,0.01,6,no,1e295ea1-eb55-56e0-8e5a-2196d7a8cdeb
KXCS2MAP-MOUVIT25-MOU,2025-11-08T07:24:34.598357Z,0.65,295,no,2adda96d-0125-4441-5a10-a59f9731e039
KXCS2MAP-MOUVIT25-MOU,2025-11-08T07:24:34.302064Z,0.65,105,no,e21ed9c9-1f21-5a75-b39f-a68a28926c31
KXCS2MAP-MOUVIT25-MOU,2025-11-08T07:24:01.178976Z,0.6,57,no,eae96311-0db8-4b6b-cda4-76c8f87a68dd
KXCS2MAP-MOUVIT25-MOU,2025-11-08T07:23:37.524149Z,0.55,14,no,bdf7c9cf-afc6-447d-086a-9b6b1a0fbe56
KXCS2MAP-MOUVIT25-MOU,2025-11-08T07:23:16.553031Z,0.56,193,no,bda66e7e-5202-7a20-875f-2363443bfc85
KXCS2MAP-MOUVIT25-MOU,2025-11-08T07:23:16.553031Z,0.55,218,no,a34be4eb-4076-74f9-90a8-e038db063d2e
KXCS2MAP-MOUVIT25-MOU,2025-11-08T07:23:16.549934Z,0.56,89,no,3b12144c-678a-612c-61ae-58316c8bb22d
KXCS2MAP-MOUVIT25-MOU,2025-11-08T07:22:46.577431Z,0.8,24,yes,da9560fa-50b2-5378-8eb7-d10437e7deb8
KXCS2MAP-MOUVIT25-MOU,2025-11-08T07:22:46.577431Z,0.79,100,yes,2ddd857e-dacc-5511-89a5-1d8fe6b39a75
KXCS2MAP-MOUVIT25-MOU,2025-11-08T07:20:34.889585Z,0.6,18,no,1d54948d-42e2-5c30-55e7-60395d79909d
KXCS2MAP-MOUVIT25-MOU,2025-11-08T07:20:34.889585Z,0.66,100,no,066d54f6-5b57-5102-67e0-8f059617a9c5
KXCS2MAP-MOUVIT25-MOU,2025-11-08T07:20:25.694869Z,0.85,1,yes,8f55f89e-ade2-44c0-c2ce-e2b4257b8c54
KXCS2MAP-MOUVIT25-MOU,2025-11-08T07:19:50.658889Z,0.7,10,no,6582e7aa-e92a-403b-7657-1fede2ad1e1a
KXCS2MAP-MOUVIT25-MOU,2025-11-08T07:19:50.658889Z,0.71,57,no,40012351-1907-45e8-6993-de22fa24c140
KXCS2MAP-MOUVIT25-MOU,2025-11-08T07:19:22.514805Z,0.84,24,no,3902f767-599f-4d00-86f3-d5553866f1e8
KXCS2MAP-MOUVIT25-MOU,2025-11-08T07:19:12.634018Z,0.84,341,no,1f106a98-14df-6970-2ebc-22e114c82f68
KXCS2MAP-MOUVIT25-MOU,2025-11-08T07:18:57.210604Z,0.84,23,no,ab6c9aa2-6c6b-787c-a50e-e837d22f4be8
KXCS2MAP-MOUVIT25-MOU,2025-11-08T07:18:48.522498Z,0.84,55,no,30955ea6-235b-5f48-e823-d528bbaf3ea0
KXCS2MAP-MOUVIT25-MOU,2025-11-08T07:14:34.221689Z,0.91,223,no,6a1d20d9-a2f3-6158-a8db-e10acab21dc0
KXCS2MAP-MOUVIT25-MOU,2025-11-08T07:13:00.365948Z,0.94,22,no,fe5b2dd2-8708-4a89-b8ce-4e01b4817caf
KXCS2MAP-MOUVIT25-MOU,2025-11-08T07:12:59.301136Z,0.94,43,no,d791e873-eb68-58e9-c6da-553fe152c4c7
KXCS2MAP-MOUVIT25-MOU,2025-11-08T07:12:30.384823Z,0.99,175,yes,f60b5888-33c2-5460-ca71-151a289f019b
KXCS2MAP-MOUVIT25-MOU,2025-11-08T07:12:30.384823Z,0.99,324,yes,ed6b3c86-1d02-5cc7-ce1b-1b9fc2527106
KXCS2MAP-MOUVIT25-MOU,2025-11-08T07:12:30.384823Z,0.99,200,yes,2e35e07d-ae88-5442-d84f-a753dfa4eb7a
KXCS2MAP-MOUVIT25-MOU,2025-11-08T07:12:02.522768Z,0.95,71,no,db2c93c0-7e84-5c0d-5ef6-bf3a5b962817
KXCS2MAP-MOUVIT25-MOU,2025-11-08T07:12:02.522768Z,0.95,94,no,a1bf997e-1565-5389-5be6-0ad7f2b7bac9
KXCS2MAP-MOUVIT25-MOU,2025-11-08T07:11:57.955796Z,0.95,328,no,53d7e4fc-5311-7ff1-8be7-84b419cfd395
KXCS2MAP-MOUVIT25-MOU,2025-11-08T07:11:49.382825Z,0.95,78,no,5f38dcc8-efa5-7b0d-bbb8-5eba6b46d819
KXCS2MAP-MOUVIT25-MOU,2025-11-08T07:11:27.510843Z,0.99,25,yes,45e1cf32-0a96-65e0-e60f-00eb27b57887
KXCS2MAP-MOUVIT25-MOU,2025-11-08T07:10:26.481257Z,0.98,1,yes,08831cbd-926f-40fe-999c-2efdf66c65e5
KXCS2MAP-MOUVIT25-MOU,2025-11-08T07:09:29.107993Z,0.96,80,no,4f53ef93-2aaa-571a-041f-06adc86015b7
KXCS2MAP-MOUVIT25-MOU,2025-11-08T07:09:12.219306Z,0.96,152,no,acd4181b-f09a-448e-3139-12d0dbedfbe7
KXCS2MAP-MOUVIT25-MOU,2025-11-08T07:08:50.301795Z,0.96,200,no,5c3d4090-798a-4a62-cf59-d4f671820aeb
KXCS2MAP-MOUVIT25-MOU,2025-11-08T07:08:14.691485Z,0.94,6,no,0317eb58-74f6-76aa-375c-61be77da154b
KXCS2MAP-MOUVIT25-MOU,2025-11-08T07:07:43.984176Z,0.93,16,no,b074330e-1d70-6811-ae87-983203cdc88b
KXCS2MAP-MOUVIT25-MOU,2025-11-08T07:07:29.857878Z,0.92,4,no,fc808e53-2dcc-4ca1-d2c0-b7e7a5146811
KXCS2MAP-MOUVIT25-MOU,2025-11-08T07:07:29.857878Z,0.94,5,no,3923d91a-8ce3-4926-c6fc-3d431275d552
KXCS2MAP-MOUVIT25-MOU,2025-11-08T07:07:29.857878Z,0.93,3,no,3234ceee-ad9e-4599-fea8-af060b4c2327
KXCS2MAP-MOUVIT25-MOU,2025-11-08T07:05:17.295202Z,0.85,77,no,3f94e2c3-ad8c-4f31-f3a9-a89e7be2c913
KXCS2MAP-MOUVIT25-MOU,2025-11-08T07:03:29.395806Z,0.88,13,yes,c7495d51-fdad-53ef-98d4-fdd67fdd23a9
KXCS2MAP-MOUVIT25-MOU,2025-11-08T07:03:29.395806Z,0.87,3,yes,41064679-bf2e-5ac6-8940-58bbf43a7039
KXCS2MAP-MOUVIT25-MOU,2025-11-08T07:03:29.106515Z,0.87,4,yes,850cced3-dbfe-65ba-7dc0-c8cb7157e725
KXCS2MAP-MOUVIT25-MOU,2025-11-08T07:03:28.289207Z,0.87,24,yes,e79cf46f-83fd-675f-b38d-9cae6e47e2df
KXCS2MAP-MOUVIT25-MOU,2025-11-08T07:03:28.289207Z,0.87,31,yes,4fbc87bc-fdc6-654a-aece-c78da616d8c9
KXCS2MAP-MOUVIT25-MOU,2025-11-08T07:03:14.494765Z,0.83,500,yes,0c5b94f1-0854-6d46-dbb2-6d99211e513d
KXCS2MAP-MOUVIT25-MOU,2025-11-08T07:03:10.700928Z,0.82,12,yes,e6196dc6-e1d4-4931-8c54-a73e76e9a829
KXCS2MAP-MOUVIT25-MOU,2025-11-08T07:02:56.291953Z,0.8,20,yes,667feaa5-a089-50ba-2299-93b1dcfeb26a
KXCS2MAP-MOUVIT25-MOU,2025-11-08T07:02:44.295492Z,0.8,5,yes,c8aee4be-4451-547a-d5ee-b5c5dfce6782
KXCS2MAP-MOUVIT25-MOU,2025-11-08T07:01:42.670688Z,0.75,78,yes,32d35005-70ce-42de-625a-a02efe287d75
KXCS2MAP-MOUVIT25-MOU,2025-11-08T07:01:42.200843Z,0.75,421,yes,98adac9f-ae7e-46a2-10a0-8d57cd91981d
KXCS2MAP-MOUVIT25-MOU,2025-11-08T07:01:33.906247Z,0.75,1,yes,0326d8fa-1fce-4536-0bc2-6e12bac48d55
KXCS2MAP-MOUVIT25-MOU,2025-11-08T07:01:04.126184Z,0.72,25,no,242e296d-ca19-6652-2d28-868f8de3f1fc
KXCS2MAP-MOUVIT25-MOU,2025-11-08T07:00:27.291137Z,0.74,50,no,abbeea4a-eec6-79da-24f6-e6f3c7f681e7
KXCS2MAP-MOUVIT25-MOU,2025-11-08T07:00:27.291137Z,0.74,25,no,0c9257d4-8efb-79b5-2ff3-57c3b966ece7
KXCS2MAP-MOUVIT25-MOU,2025-11-08T07:00:03.332829Z,0.76,25,no,53d35880-b600-40c2-1d22-360d4c14beb5
KXCS2MAP-MOUVIT25-MOU,2025-11-08T06:58:20.467473Z,0.82,12,yes,df2b9ac8-9dac-5015-1d22-b8d5d608a821
KXCS2MAP-MOUVIT25-MOU,2025-11-08T06:57:21.632792Z,0.84,11,yes,989c4bb1-5c92-6d7a-71e5-e3d090c8d469
KXCS2MAP-MOUVIT25-MOU,2025-11-08T06:57:10.84881Z,0.76,19,no,3b024780-854e-5480-2e71-a7d875c70ea4
KXCS2MAP-MOUVIT25-MOU,2025-11-08T06:56:31.558014Z,0.76,98,no,c6cfb849-d7b6-6cec-65bc-4aceeb12baec
KXCS2MAP-MOUVIT25-MOU,2025-11-08T06:56:31.348137Z,0.87,341,yes,ac298755-d0ae-5849-6811-265e71eda0f0
KXCS2MAP-MOUVIT25-MOU,2025-11-08T06:56:16.313248Z,0.77,38,no,97ab6869-17d4-6853-0cd6-06ce094a4d16
KXCS2MAP-MOUVIT25-MOU,2025-11-08T06:55:21.200919Z,0.85,23,yes,f6c6c195-8a42-40cd-4499-16a196c9aa3c
KXCS2MAP-MOUVIT25-MOU,2025-11-08T06:54:54.943487Z,0.85,6,yes,99700098-7ce6-7259-5fb8-1658ff40bc24
KXCS2MAP-MOUVIT25-MOU,2025-11-08T06:54:48.546191Z,0.85,234,yes,c804fb0d-8e26-4425-2356-69128834c230
KXCS2MAP-MOUVIT25-MOU,2025-11-08T06:54:46.751854Z,0.85,62,yes,d7a85969-3aee-6d7d-ac60-6ec1092cb3dc
KXCS2MAP-MOUVIT25-MOU,2025-11-08T06:54:31.109238Z,0.85,19,yes,a7297cbc-72fe-7319-2b14-cde1108079d0
KXCS2MAP-MOUVIT25-MOU,2025-11-08T06:54:15.905377Z,0.87,1,yes,cad7b526-7366-5fda-1915-e1745522cd9f
KXCS2MAP-MOUVIT25-MOU,2025-11-08T06:53:57.695361Z,0.8,2,yes,4153f482-a2a7-4680-3fb2-65595aa089c4
KXCS2MAP-MOUVIT25-MOU,2025-11-08T06:53:57.695361Z,0.89,34,yes,374b2f6e-3a42-4dea-0d42-0b6fe35e3013
KXCS2MAP-MOUVIT25-MOU,2025-11-08T06:53:22.306121Z,0.8,20,yes,d76bcfc4-17df-6aa8-0b5f-0fc891d79204
KXCS2MAP-MOUVIT25-MOU,2025-11-08T06:52:55.696329Z,0.8,3,yes,1d9eef85-5f13-7134-42dc-b53afae2fb80
KXCS2MAP-MOUVIT25-MOU,2025-11-08T06:52:13.86673Z,0.81,927,yes,9a6ceb6c-936e-60f5-0e3c-651a9492ea74
KXCS2MAP-MOUVIT25-MOU,2025-11-08T06:52:13.86673Z,0.79,25,yes,4f2b0bba-5c4c-6718-3949-2e49fb108b1c
KXCS2MAP-MOUVIT25-MOU,2025-11-08T06:52:13.86673Z,0.8,376,yes,0b8e4ae7-2e97-677e-1126-0bab384a220b
KXCS2MAP-MOUVIT25-MOU,2025-11-08T06:51:53.463223Z,0.66,49,no,087242d9-a0d3-65ff-4782-71981a5a0410
KXCS2MAP-MOUVIT25-MOU,2025-11-08T06:51:50.098674Z,0.65,4,no,8de4cd2a-b7ff-772f-72e4-aabae6043d53
KXCS2MAP-MOUVIT25-MOU,2025-11-08T06:51:50.098674Z,0.69,50,no,5e4e9037-ed15-7951-4b63-bbbe5df74fd8
KXCS2MAP-MOUVIT25-MOU,2025-11-08T06:51:50.098674Z,0.7,100,no,137be6d5-c593-7ba3-6ee9-a474cedf5cc2
KXCS2MAP-MOUVIT25-MOU,2025-11-08T06:51:33.003219Z,0.8,24,yes,7e165222-d963-6d46-5add-ac05a2ecf3b3
KXCS2MAP-MOUVIT25-MOU,2025-11-08T06:51:28.598803Z,0.74,3,yes,a0927e4d-7b62-5686-7ffc-79283d1df326
KXCS2MAP-MOUVIT25-MOU,2025-11-08T06:51:13.305858Z,0.74,25,yes,6d5f85c1-13e6-61e6-3e2c-ccc797070baa
KXCS2MAP-MOUVIT25-MOU,2025-11-08T06:49:59.949361Z,0.75,23,yes,23889217-5509-5713-8f22-4f88ffb6c75d
KXCS2MAP-MOUVIT25-MOU,2025-11-08T06:49:22.101928Z,0.74,20,yes,993d3f0b-696f-7b4a-3978-b3af8d379017
KXCS2MAP-MOUVIT25-MOU,2025-11-08T06:49:22.101928Z,0.75,20,yes,3f0ef9e4-dbda-7a01-007a-827e2d4c6e30
KXCS2MAP-MOUVIT25-MOU,2025-11-08T06:49:11.552631Z,0.74,17,yes,ef47395a-16e3-590a-7c8a-54a56086307d
KXCS2MAP-MOUVIT25-MOU,2025-11-08T06:47:35.605056Z,0.77,140,yes,eb176c24-5ae7-46b2-70bc-fe2071c1ed0f
KXCS2MAP-MOUVIT25-MOU,2025-11-08T06:47:25.918429Z,0.64,11,no,a19c6178-9a7c-796b-7f66-c5014b8ce1ce
KXCS2MAP-MOUVIT25-MOU,2025-11-08T06:46:33.222516Z,0.74,4,yes,39d95de7-dbdc-4273-f04b-7070a27a0776
KXCS2MAP-MOUVIT25-MOU,2025-11-08T06:46:33.222516Z,0.76,9,yes,2e2e15d8-25cf-4cf6-d452-dae666ae55d7
KXCS2MAP-MOUVIT25-MOU,2025-11-08T06:46:21.288832Z,0.74,170,yes,dc202651-1774-4abb-d4be-eb19986678d6
KXCS2MAP-MOUVIT25-MOU,2025-11-08T06:46:07.68421Z,0.61,5,no,d595f25f-5c18-49f2-00f0-dc7c17e4a81d
KXCS2MAP-MOUVIT25-MOU,2025-11-08T06:46:06.394263Z,0.74,26,yes,8fb0bf99-dcc8-795b-4c83-5b68275ff10a
KXCS2MAP-MOUVIT25-MOU,2025-11-08T06:45:06.29766Z,0.72,1,yes,b6de9985-70db-64d4-42ef-07446a01ea88
KXCS2MAP-MOUVIT25-MOU,2025-11-08T06:44:39.854334Z,0.7,348,yes,e27fba8b-c35a-4539-3fbf-469bf67b3674
KXCS2MAP-MOUVIT25-MOU,2025-11-08T06:44:39.854334Z,0.65,1,yes,962ae220-30c5-4321-0e7b-abd3af0599c8
KXCS2MAP-MOUVIT25-MOU,2025-11-08T06:44:39.306446Z,0.65,120,yes,26a4143d-9565-4d69-20ba-4796d4b0ef8c
KXCS2MAP-MOUVIT25-MOU,2025-11-08T06:44:06.993476Z,0.65,12,yes,10f763e8-9e71-5f85-649d-49985c36219c
KXCS2MAP-MOUVIT25-MOU,2025-11-08T06:44:03.777439Z,0.53,50,no,d874991b-658f-4612-4c61-c36b75b9657e
KXCS2MAP-MOUVIT25-MOU,2025-11-08T06:44:03.777439Z,0.52,59,no,2fae60ca-931a-43d0-4be4-4eb7d3001129
KXCS2MAP-MOUVIT25-MOU,2025-11-08T06:43:50.296322Z,0.64,775,yes,0c890a77-c852-4889-62ae-e29084ef26f0
KXCS2MAP-MOUVIT25-MOU,2025-11-08T06:43:39.512444Z,0.63,140,yes,50d38c27-6ead-6fb6-8fd8-b95368816e75
KXCS2MAP-MOUVIT25-MOU,2025-11-08T06:43:15.421159Z,0.64,67,yes,b98ae07a-8a1a-7831-bfee-ca4367202bb0
KXCS2MAP-MOUVIT25-MOU,2025-11-08T06:43:12.799436Z,0.64,152,yes,36dc2d3b-4fde-78d9-47ee-d55f1d1d80e4
KXCS2MAP-MOUVIT25-MOU,2025-11-08T06:42:28.312972Z,0.65,27,yes,e2235ce0-3ee5-7421-79e1-0c0730a1d1fc
KXCS2MAP-MOUVIT25-MOU,2025-11-08T06:42:23.42515Z,0.59,50,yes,e383af9d-5b13-5200-1e83-a42ae6b74162
KXCS2MAP-MOUVIT25-MOU,2025-11-08T06:42:23.42515Z,0.57,22,yes,064cc50c-a44a-5c6f-289d-7b2b3a1465b8
KXCS2MAP-MOUVIT25-MOU,2025-11-08T06:42:08.306565Z,0.59,1,yes,fef651f5-d6fb-43c0-4b92-6dc7d37bcdae
KXCS2MAP-MOUVIT25-MOU,2025-11-08T06:41:47.295704Z,0.57,4,yes,c7a36a17-5bbe-5771-5009-394b0af30160
KXCS2MAP-MOUVIT25-MOU,2025-11-08T06:41:47.295704Z,0.57,490,yes,8dd8bba0-a44c-5af1-6a91-5d7557d5a0e5
KXCS2MAP-MOUVIT25-MOU,2025-11-08T06:41:09.306085Z,0.49,10,no,6ca9c1cc-2e6d-6acf-40d5-a1a6e6e20be0
KXCS2MAP-MOUVIT25-MOU,2025-11-08T06:41:09.306085Z,0.48,47,no,3cf7a7ed-e03d-6148-664e-570b247e4ea8
KXCS2MAP-MOUVIT25-MOU,2025-11-08T06:41:09.306085Z,0.47,38,no,2cec5fb3-a89d-6709-5fe9-6657510e02e7
KXCS2MAP-MOUVIT25-MOU,2025-11-08T06:41:09.306085Z,0.47,50,no,28c7a909-83fe-6500-5bb6-7220c14a1bbe
KXCS2MAP-MOUVIT25-MOU,2025-11-08T06:41:02.575916Z,0.49,6,no,0f0a745c-414d-51a7-d99d-87f94ffe2a64
KXCS2MAP-MOUVIT25-MOU,2025-11-08T06:40:59.711094Z,0.59,49,yes,9329fafe-3dcb-770c-453e-009b667abb16
KXCS2MAP-MOUVIT25-MOU,2025-11-08T06:40:55.600365Z,0.51,59,no,968c725d-9688-746d-1736-6e17a06253ec
KXCS2MAP-MOUVIT25-MOU,2025-11-08T06:40:55.600365Z,0.49,35,no,903c9ef5-af9d-707b-21d3-d780c7713378
KXCS2MAP-MOUVIT25-MOU,2025-11-08T06:40:55.600365Z,0.5,55,no,8e320898-acd9-7f2f-1b96-87affe97e39c
KXCS2MAP-MOUVIT25-MOU,2025-11-08T06:40:55.600365Z,0.53,67,no,5cc21380-fece-778f-2206-74675af7e3c6
KXCS2MAP-MOUVIT25-MOU,2025-11-08T06:40:55.600365Z,0.52,63,no,0d0af3b8-ea17-7242-10be-99ff997786d0
KXCS2MAP-MOUVIT25-MOU,2025-11-08T06:40:52.923451Z,0.54,37,no,a4c7556a-951c-4607-4bec-fd4aa659dc82
KXCS2MAP-MOUVIT25-MOU,2025-11-08T06:40:52.923451Z,0.54,71,no,1373badc-d76d-47f8-7512-7cb5f206d28d
KXCS2MAP-MOUVIT25-MOU,2025-11-08T06:40:42.785711Z,0.55,38,no,d42906db-ee41-401b-2c99-452b303c357d
KXCS2MAP-MOUVIT25-MOU,2025-11-08T06:40:42.785711Z,0.56,39,no,cffc9581-aa06-4ff8-090f-7f569b207a90
KXCS2MAP-MOUVIT25-MOU,2025-11-08T06:40:42.785711Z,0.57,40,no,7fc6e21c-b03b-482f-19d9-55c0b0187846
KXCS2MAP-MOUVIT25-MOU,2025-11-08T06:40:36.600456Z,0.61,10,yes,1cf1733e-ef04-7fe5-82e4-bc64d31c061d
KXCS2MAP-MOUVIT25-MOU,2025-11-08T06:39:58.542459Z,0.65,15,yes,3edf8f23-3b0d-5eb9-e841-bc8c49bd33ec
KXCS2MAP-MOUVIT25-MOU,2025-11-08T06:39:36.023511Z,0.65,3,yes,fe640b3d-8a9d-6c79-e146-ed1ac029d044
KXCS2MAP-MOUVIT25-MOU,2025-11-08T06:39:09.668521Z,0.62,17,yes,7b0068b6-a7da-6819-5837-b1a467a1a835
KXCS2MAP-MOUVIT25-MOU,2025-11-08T06:39:09.668521Z,0.63,42,yes,19a9e8e2-49db-67fb-6f4e-1700ca513075
KXCS2MAP-MOUVIT25-MOU,2025-11-08T06:39:09.668521Z,0.64,39,yes,03fa66c0-392e-6925-5f0d-bf95c27e6eac
KXCS2MAP-MOUVIT25-MOU,2025-11-08T06:39:03.532131Z,0.62,17,yes,3bce0857-ba32-6ef5-fd54-748d443cb33a
KXCS2MAP-MOUVIT25-MOU,2025-11-08T06:39:03.532131Z,0.63,137,yes,311c49c7-69d7-6c2f-c5d0-c75996e45839
KXCS2MAP-MOUVIT25-MOU,2025-11-08T06:38:47.910042Z,0.63,154,yes,e770cda1-a257-7c0b-3043-ee42e5f31bfd
KXCS2MAP-MOUVIT25-MOU,2025-11-08T06:38:45.959521Z,0.63,7,yes,ebf45dd7-8c9f-70a3-adfb-e2cac27d5fad
KXCS2MAP-MOUVIT25-MOU,2025-11-08T06:38:45.844717Z,0.63,80,yes,d5d0775c-6a73-658b-a26f-f28ba0d339e1
KXCS2MAP-MOUVIT25-MOU,2025-11-08T06:38:22.624577Z,0.64,30,yes,4c7c8f7e-b206-5f7d-b406-0404a62a6b68
KXCS2MAP-MOUVIT25-MOU,2025-11-08T06:38:14.3166Z,0.58,75,yes,dc3df9b3-714f-42ed-55f0-fef724d8cedc
KXCS2MAP-MOUVIT25-MOU,2025-11-08T06:38:11.80967Z,0.45,24,no,0f8f8a06-21d6-5b2c-3571-92fac6cf629a
KXCS2MAP-MOUVIT25-MOU,2025-11-08T06:37:46.276167Z,0.58,1,yes,3c361abe-6b77-58d4-ff79-6658e4cd241d
KXCS2MAP-MOUVIT25-MOU,2025-11-08T06:37:46.276167Z,0.59,1,yes,2083e4b4-85fd-5eeb-ea09-e07e96daa503
KXCS2MAP-MOUVIT25-MOU,2025-11-08T06:37:34.300154Z,0.58,50,yes,038d9d6e-928b-4af8-d4aa-992f8ae9aafd
KXCS2MAP-MOUVIT25-MOU,2025-11-08T06:37:30.167792Z,0.43,50,no,3f2f4953-4235-6fa5-992c-7ad213934f95
KXCS2MAP-MOUVIT25-MOU,2025-11-08T06:37:28.965531Z,0.58,24,yes,8ccc8262-514f-7c70-aa6a-3087065053f1
KXCS2MAP-MOUVIT25-MOU,2025-11-08T06:37:23.303947Z,0.59,75,yes,6c01c57e-9529-4fc3-d7c1-a830a6b61ff7
KXCS2MAP-MOUVIT25-MOU,2025-11-08T06:37:13.502976Z,0.58,75,yes,df7f0bfc-14df-785d-43c6-76485a5a311c
KXCS2MAP-MOUVIT25-MOU,2025-11-08T06:36:53.114533Z,0.59,16,yes,a1e50e6d-26b9-4f73-cc13-b9707008e7b3
KXCS2MAP-MOUVIT25-MOU,2025-11-08T06:36:14.569765Z,0.59,8,yes,3b3c729d-b1d5-496b-ec65-93777265c317
KXCS2MAP-MOUVIT25-MOU,2025-11-08T06:35:59.5966Z,0.6,13,yes,7c0fb93e-44ce-4c45-1c13-d360d9faf210
KXCS2MAP-MOUVIT25-MOU,2025-11-08T06:35:54.892901Z,0.57,1000,yes,e9f4f3d5-b0e2-428e-ffe8-f2f41b31522b
KXCS2MAP-MOUVIT25-MOU,2025-11-08T06:35:54.892901Z,0.59,295,yes,be0be370-1031-4293-fdb7-42bf57952349
KXCS2MAP-MOUVIT25-MOU,2025-11-08T06:35:54.892901Z,0.58,25,yes,7ac7caee-b2b1-4a34-c547-787100194bd4
KXCS2MAP-MOUVIT25-MOU,2025-11-08T06:35:54.892901Z,0.6,256,yes,61a4e911-858e-4d51-ca34-bb58b8914758
KXCS2MAP-MOUVIT25-MOU,2025-11-08T06:35:54.892901Z,0.58,11,yes,54612eb9-d74f-452a-cc4f-9764631a68e2
KXCS2MAP-MOUVIT25-MOU,2025-11-08T06:35:30.14372Z,0.55,3,yes,3511ee0f-f073-442a-fba3-6b5042543156
KXCS2MAP-MOUVIT25-MOU,2025-11-08T06:34:59.005963Z,0.59,5,yes,d4326919-6695-7313-402e-0eb73eceb255
KXCS2MAP-MOUVIT25-MOU,2025-11-08T06:34:59.005963Z,0.59,11,yes,b6913fde-9003-77f2-67cb-b0da29b8073c
KXCS2MAP-MOUVIT25-MOU,2025-11-08T06:34:30.814283Z,0.56,77,yes,81a69c46-4abc-4dc7-931e-c56dc15afb25
KXCS2MAP-MOUVIT25-MOU,2025-11-08T06:34:21.774106Z,0.46,10,yes,96a9244f-5a9c-5f74-b7e0-d0abbfb64525
KXCS2MAP-MOUVIT25-MOU,2025-11-08T06:33:38.690824Z,0.45,3,yes,aad00065-116e-40c5-7a11-1bb74e00b4ba
KXCS2MAP-MOUVIT25-MOU,2025-11-08T06:33:23.299276Z,0.45,22,yes,2c116a0a-1aa2-5a7d-6a38-0b5d30e1c0de
KXCS2MAP-MOUVIT25-MOU,2025-11-08T06:33:06.324738Z,0.45,2,yes,7fec809b-2dba-4451-1ec4-9cfbc5128456
KXCS2MAP-MOUVIT25-MOU,2025-11-08T06:32:41.683416Z,0.45,21,yes,24e3c5a8-e82a-7951-3e9c-90b3afdf925e
KXCS2MAP-MOUVIT25-MOU,2025-11-08T06:32:33.210566Z,0.45,43,yes,003cf9a3-b1d6-54b5-bc92-73bc974b234a
KXCS2MAP-MOUVIT25-MOU,2025-11-08T06:32:05.705707Z,0.45,325,yes,c5905a0a-956a-4335-f164-d8a43d271796
KXCS2MAP-MOUVIT25-MOU,2025-11-08T06:32:02.291512Z,0.43,8,yes,325a1975-42fb-4aa9-15d1-2d2bea30b133
KXCS2MAP-MOUVIT25-MOU,2025-11-08T06:31:01.468604Z,0.44,4,yes,1292956b-313a-78d1-bc5e-8d337fbcedf2
KXCS2MAP-MOUVIT25-MOU,2025-11-08T06:30:46.639438Z,0.35,14,no,7b0cce6c-da5b-4407-1606-1e6d788bcd85
KXCS2MAP-MOUVIT25-MOU,2025-11-08T06:30:46.639438Z,0.36,22,no,19ef45d4-aefa-4352-0627-b23714edf02d
KXCS2MAP-MOUVIT25-MOU,2025-11-08T06:29:46.725985Z,0.42,22,yes,75549ee2-d92b-454d-b6a4-ec52c7f8f0ae
KXCS2MAP-MOUVIT25-MOU,2025-11-08T06:29:46.725985Z,0.44,62,yes,51bdf15b-12e2-442d-badc-6494910c3186
KXCS2MAP-MOUVIT25-MOU,2025-11-08T06:28:19.948885Z,0.35,69,no,cc73ed2a-8213-603f-c5b8-8e6418ffa945
KXCS2MAP-MOUVIT25-MOU,2025-11-08T06:28:18.302345Z,0.38,25,no,cf521017-4295-4752-9df1-be158fcd9e54
KXCS2MAP-MOUVIT25-MOU,2025-11-08T06:26:02.432714Z,0.35,75,no,7140babf-cc0f-6483-aa47-7c1a7bdcebf5
KXCS2MAP-MOUVIT25-MOU,2025-11-08T06:25:41.747832Z,0.35,13,no,1246b328-db87-5573-1831-4c71e8a8522d
KXCS2MAP-MOUVIT25-MOU,2025-11-08T06:25:39.834732Z,0.43,22,yes,35f87bb5-2bae-576d-7693-e2b2f4d215e6
KXCS2MAP-MOUVIT25-MOU,2025-11-08T06:25:35.493808Z,0.35,7,no,fb860271-62b7-6bbb-0b4a-620a3c4bffb5
KXCS2MAP-MOUVIT25-MOU,2025-11-08T06:19:24.498793Z,0.44,1,yes,d40393b6-fc69-60ee-01a4-b2b377132ccf
KXCS2MAP-MOUVIT25-MOU,2025-11-08T06:19:24.498793Z,0.43,21,yes,0b610169-db3c-69cd-0e27-92a071603af8
KXCS2MAP-MOUVIT25-MOU,2025-11-08T06:18:47.258081Z,0.45,20,yes,d36256a4-9abc-7e97-59fc-d72218cee8be
KXCS2MAP-MOUVIT25-MOU,2025-11-08T06:18:26.136926Z,0.36,12,no,5b357283-97f9-5eea-e337-74591b823dc8
KXCS2MAP-MOUVIT25-MOU,2025-11-08T06:18:26.136926Z,0.37,1,no,27865323-85b0-5a2d-f42a-e5817007c44c
KXCS2MAP-MOUVIT25-MOU,2025-11-08T06:14:51.056102Z,0.38,5,no,ef729732-3105-473a-f591-4d0a02c47f0c
KXCS2MAP-MOUVIT25-MOU,2025-11-08T06:14:51.056102Z,0.37,4,no,b48ecbcf-7ae8-40d5-e5e4-1ce2a4c8115c
KXCS2MAP-MOUVIT25-MOU,2025-11-08T06:14:15.681913Z,0.37,28,no,1c510498-ded9-7715-872f-a42afb4438fe
KXCS2MAP-MOUVIT25-MOU,2025-11-08T06:13:18.725943Z,0.37,138,no,0ac8b9c5-3a01-6224-6e64-8270774ef156
KXCS2MAP-MOUVIT25-MOU,2025-11-08T06:13:03.107551Z,0.43,300,yes,cfe22dc0-e898-5779-44f6-1bb7e8cf7f38
KXCS2MAP-MOUVIT25-MOU,2025-11-08T06:13:03.107551Z,0.44,179,yes,b25565c4-1ab2-551d-6b64-c860355e94fa
KXCS2MAP-MOUVIT25-MOU,2025-11-08T06:13:03.107551Z,0.43,300,yes,a6d1c710-e0b5-50a1-55d0-47a580d463e0
KXCS2MAP-MOUVIT25-MOU,2025-11-08T06:13:03.107551Z,0.43,252,yes,9af599a8-cf85-5ffb-6899-2c4d0df4e080
KXCS2MAP-MOUVIT25-MOU,2025-11-08T06:13:03.107551Z,0.41,67,yes,4c2a9883-5608-5260-492b-c71572f21c69
KXCS2MAP-MOUVIT25-MOU,2025-11-08T06:13:03.107551Z,0.42,20,yes,309cc356-d47f-5b43-597e-0ceb211957b6
KXCS2MAP-MOUVIT25-MOU,2025-11-08T06:13:03.107551Z,0.43,86,yes,2f192272-2e5b-5b18-40e9-71413591e9cc
KXCS2MAP-MOUVIT25-MOU,2025-11-08T06:13:03.107551Z,0.42,312,yes,24760fda-850a-5256-7ea5-352dfdbb38c6
KXCS2MAP-MOUVIT25-MOU,2025-11-08T06:08:26.731115Z,0.36,1,no,70f9e02b-a11b-50e8-cd24-8b5ade3943f3
KXCS2MAP-MOUVIT25-MOU,2025-11-08T06:03:36.945219Z,0.43,55,yes,03d5ad79-be9f-6524-ada3-bf4a8cc4cb60
KXCS2MAP-MOUVIT25-MOU,2025-11-08T05:54:46.261022Z,0.43,109,yes,4c259a44-ccf7-5b08-e074-7c53462de188
KXCS2MAP-MOUVIT25-MOU,2025-11-08T05:54:29.967931Z,0.43,11,yes,79d52f51-735f-74b4-635f-01b4ab7c42b4
KXCS2MAP-MOUVIT25-MOU,2025-11-08T05:49:05.923204Z,0.43,59,yes,82554401-a9b7-7d54-9646-e815437031cc
KXCS2MAP-MOUVIT25-MOU,2025-11-08T05:49:05.923204Z,0.43,269,yes,75e6b881-3763-77c7-a870-f1a17d5dcc3e
KXCS2MAP-MOUVIT25-MOU,2025-11-08T05:48:58.530047Z,0.43,31,yes,b7c371e6-ba23-6b27-e9ec-788d36fa277e
KXCS2MAP-MOUVIT25-MOU,2025-11-08T05:48:58.530047Z,0.43,134,yes,2c7c8ccc-cbf1-6586-e247-ba70a1ceb529
KXCS2MAP-MOUVIT25-MOU,2025-11-08T05:48:19.562649Z,0.43,60,yes,dd184405-86f1-5466-3168-517212147e05
KXCS2MAP-MOUVIT25-MOU,2025-11-08T05:48:14.348773Z,0.43,223,yes,d74fdfb7-f311-7a5e-a4c8-26c4f01515b1
KXCS2MAP-MOUVIT25-MOU,2025-11-08T05:44:45.630437Z,0.43,11,yes,94e61392-0155-639a-e609-d3520df6bb51
KXCS2MAP-MOUVIT25-MOU,2025-11-08T05:25:42.163891Z,0.44,5,yes,f6c7dc3e-e3ce-6a91-ea3b-0845e82c80b6
KXCS2MAP-MOUVIT25-MOU,2025-11-07T21:42:29.412354Z,0.49,48,yes,1dea6204-a38e-46a7-4c53-ba49806f5289
