ticker,created_time,price,count,taker_side,trade_id
KXCSGOGAME-FALFUR25-FUR,2025-11-08T17:15:23.854763Z,0.99,327,no,c97d71a1-d71d-4fd0-b383-6dc11794587f
KXCSGOGAME-FALFUR25-FUR,2025-11-08T16:53:42.773501Z,0.99,19,no,296ff083-e4b9-6cbc-9257-6a34b7465003
KXCSGOGAME-FALFUR25-FUR,2025-11-08T16:33:25.088105Z,0.99,711,no,b6658e4d-8231-6760-afbe-3e8d566eb59f
KXCSGOGAME-FALFUR25-FUR,2025-11-08T16:23:17.055231Z,0.99,35,no,03e9aefa-0941-5b94-52e2-b847e4dd2617
KXCSGOGAME-FALFUR25-FUR,2025-11-08T16:11:36.680475Z,0.99,53,no,97c08650-1c5d-6eb8-4713-4a556d6b053b
KXCSGOGAME-FALFUR25-FUR,2025-11-08T15:50:40.426854Z,0.99,1067,no,a9612e9e-c0f8-71d0-80e9-c39764400c73
KXCSGOGAME-FALFUR25-FUR,2025-11-08T15:50:40.426854Z,0.99,1210,no,7316a23c-22ad-7908-9325-695e7fedd4b3
KXCSGOGAME-FALFUR25-FUR,2025-11-08T15:19:39.182097Z,0.99,716,no,16e99f7d-0e8c-642c-b4dc-3a133ff7f46b
KXCSGOGAME-FALFUR25-FUR,2025-11-08T15:07:34.515531Z,0.99,9,no,afb51e64-4014-5774-8a61-678ee9e274fb
KXCSGOGAME-FALFUR25-FUR,2025-11-08T14:34:56.033397Z,0.99,55,no,cfbd26cd-ec68-5d60-9a47-45f870447cb3
KXCSGOGAME-FALFUR25-FUR,2025-11-08T14:31:57.956282Z,0.99,26,no,5138fda6-dca0-58e4-3c0f-19fed2dae803
KXCSGOGAME-FALFUR25-FUR,2025-11-08T14:07:09.206297Z,0.99,1,no,93e51b32-eb8c-7970-07ab-37d4ba4e0937
KXCSGOGAME-FALFUR25-FUR,2025-11-08T13:49:30.709942Z,0.99,209,no,55b4d131-508c-4298-d337-a938790a053b
KXCSGOGAME-FALFUR25-FUR,2025-11-08T13:39:49.02573Z,0.99,778,no,048e0024-afd0-43b8-bbae-a8dd0d2512bf
KXCSGOGAME-FALFUR25-FUR,2025-11-08T13:30:05.731561Z,0.99,139,no,d5623088-0d88-5828-0c18-0f5647f6a9d7
KXCSGOGAME-FALFUR25-FUR,2025-11-08T13:30:05.731561Z,0.99,345,no,456c768a-1d38-5b09-0e7f-70375a787cd1
KXCSGOGAME-FALFUR25-FUR,2025-11-08T13:18:33.294312Z,0.99,6,no,458ad44a-3ca8-6871-e8fd-6263a0929ef5
KXCSGOGAME-FALFUR25-FUR,2025-11-08T13:01:35.020191Z,0.99,239,no,e389bc1a-7760-7681-f762-d05af36a207d
KXCSGOGAME-FALFUR25-FUR,2025-11-08T12:56:27.830523Z,0.99,3,no,89aa3b75-fcfb-5bca-3d75-72fdb596179a
KXCSGOGAME-FALFUR25-FUR,2025-11-08T12:56:27.830523Z,0.99,410,no,3e7491da-73bc-5205-218f-2505ce097761
KXCSGOGAME-FALFUR25-FUR,2025-11-08T12:54:37.33773Z,0.98,104,no,de079bfb-a6d8-6052-052f-d697b7e46d78
KXCSGOGAME-FALFUR25-FUR,2025-11-08T12:54:37.33773Z,0.99,20,no,081aee0c-527e-6a88-0722-59af2712746a
KXCSGOGAME-FALFUR25-FUR,2025-11-08T12:54:19.689957Z,0.99,18,no,f7a8bcee-016a-4bf4-0975-9b68fc579a1e
KXCSGOGAME-FALFUR25-FUR,2025-11-08T12:54:14.549106Z,0.99,62,no,25d8508c-905a-4cf0-62c7-97a87a8bfcba
KXCSGOGAME-FALFUR25-FUR,2025-11-08T12:51:51.222194Z,0.85,16,no,99cde2d2-3cd4-4876-7d25-9d2a01487fe4
KXCSGOGAME-FALFUR25-FUR,2025-11-08T12:50:52.089671Z,0.85,3,no,04aa0525-a9b0-78da-309b-df63dfe41964
KXCSGOGAME-FALFUR25-FUR,2025-11-08T12:50:38.228759Z,0.9,23,no,44ba68f5-d9ec-7d62-9908-310e1dec9a10
KXCSGOGAME-FALFUR25-FUR,2025-11-08T12:49:10.769721Z,0.97,172,no,d07778ff-aefc-4535-dedb-b37daaf0115e
KXCSGOGAME-FALFUR25-FUR,2025-11-08T12:49:05.244686Z,0.97,19,no,391d6487-41d4-76a5-e565-a112a6d9d6ba
KXCSGOGAME-FALFUR25-FUR,2025-11-08T12:49:01.387724Z,0.97,62,no,7ff365c2-21b8-43a9-05d1-b76ae7b5a8fe
KXCSGOGAME-FALFUR25-FUR,2025-11-08T12:48:31.628943Z,0.98,342,no,fc10f8b9-31eb-7163-98c8-22af929a7769
KXCSGOGAME-FALFUR25-FUR,2025-11-08T12:48:31.157892Z,0.98,50,no,24e554a9-9237-735f-c159-fd1eb5e250a5
KXCSGOGAME-FALFUR25-FUR,2025-11-08T12:48:19.333742Z,0.98,87,no,cce364bc-52f7-45e3-1ab3-ac473f84c5d5
KXCSGOGAME-FALFUR25-FUR,2025-11-08T12:47:00.712862Z,0.98,21,yes,a747ee99-d574-54a8-07a9-33403c1e653f
KXCSGOGAME-FALFUR25-FUR,2025-11-08T12:46:07.63006Z,0.95,33,no,c4f9b10a-2307-517b-e1ea-a5b3d34bba66
KXCSGOGAME-FALFUR25-FUR,2025-11-08T12:46:07.63006Z,0.94,8,no,52cdcb6b-6c28-55d1-e370-6d6a0337db42
KXCSGOGAME-FALFUR25-FUR,2025-11-08T12:44:45.362845Z,0.94,39,no,04c976c0-c064-4669-aa66-d9e94ab91216
KXCSGOGAME-FALFUR25-FUR,2025-11-08T12:44:33.218484Z,0.98,128,no,c1df342f-8c4e-6864-1e98-5089ae34d4b6
KXCSGOGAME-FALFUR25-FUR,2025-11-08T12:44:33.193361Z,0.98,32,yes,0aca7ac6-1815-4b1e-0b5a-0d493d2f4585
KXCSGOGAME-FALFUR25-FUR,2025-11-08T12:44:20.979231Z,0.98,101,yes,ede61c5a-2281-61ba-3899-b64bcdb9d9c1
KXCSGOGAME-FALFUR25-FUR,2025-11-08T12:43:53.724162Z,0.98,478,yes,2e0726ce-b715-5142-4afa-5d0e7d6ab599
KXCSGOGAME-FALFUR25-FUR,2025-11-08T12:43:20.341146Z,0.98,389,yes,f466978b-853d-55c6-778f-6b1677454fed
KXCSGOGAME-FALFUR25-FUR,2025-11-08T12:43:20.341146Z,0.97,327,yes,affc6488-a859-541d-7bba-9a169e88cdef
KXCSGOGAME-FALFUR25-FUR,2025-11-08T12:42:47.703019Z,0.85,28,no,994727f9-f266-4ad4-e4bf-cfbd2b19dd0a
KXCSGOGAME-FALFUR25-FUR,2025-11-08T12:42:45.252864Z,0.85,12,no,4a976889-f112-6870-3c51-50035b386a12
KXCSGOGAME-FALFUR25-FUR,2025-11-08T12:41:53.324502Z,0.96,249,yes,fa85987c-9d3c-486a-b768-eee419870568
KXCSGOGAME-FALFUR25-FUR,2025-11-08T12:41:17.26234Z,0.99,1,yes,e90c0812-64c5-42be-b39e-aa8a97bb06a3
KXCSGOGAME-FALFUR25-FUR,2025-11-08T12:41:17.26234Z,0.95,132,yes,d4261eb4-03e4-4a93-9bc5-377c768aaa5e
KXCSGOGAME-FALFUR25-FUR,2025-11-08T12:41:17.26234Z,0.84,51,yes,96be0de0-b083-4315-95d8-ae2a066ebaec
KXCSGOGAME-FALFUR25-FUR,2025-11-08T12:41:17.26234Z,0.94,200,yes,961acba6-5007-45f9-9178-d81c0f92df38
KXCSGOGAME-FALFUR25-FUR,2025-11-08T12:41:17.26234Z,0.88,2,yes,73bd856f-e4ca-422c-b9f6-c5a3ddee122a
KXCSGOGAME-FALFUR25-FUR,2025-11-08T12:41:17.26234Z,0.85,127,yes,457e6c63-1d90-4e98-a13f-f2d490c7fb06
KXCSGOGAME-FALFUR25-FUR,2025-11-08T12:41:17.26234Z,0.99,11,yes,3740d3c6-fbb8-4697-85af-8d9b5d070424
KXCSGOGAME-FALFUR25-FUR,2025-11-08T12:40:34.738774Z,0.85,103,yes,e64306a9-25b0-702c-c0ae-87573cf68126
KXCSGOGAME-FALFUR25-FUR,2025-11-08T12:40:34.738774Z,0.69,121,yes,c94e7ee7-9f9b-72d1-e510-96071b16bad6
KXCSGOGAME-FALFUR25-FUR,2025-11-08T12:40:34.738774Z,0.68,10,yes,a854322c-5754-74ff-f53f-473d93c2d1ce
KXCSGOGAME-FALFUR25-FUR,2025-11-08T12:40:34.738774Z,0.79,78,yes,3667a37b-4951-7a59-e1af-d13f633c637f
KXCSGOGAME-FALFUR25-FUR,2025-11-08T12:37:02.484561Z,0.72,49,yes,96725cd1-975f-7139-ebc0-e17731bb0e0a
KXCSGOGAME-FALFUR25-FUR,2025-11-08T12:37:02.484561Z,0.72,4,yes,82d08796-26ff-72c2-d410-00b4cb67e5c7
KXCSGOGAME-FALFUR25-FUR,2025-11-08T12:36:49.595834Z,0.73,1,yes,c0433756-1291-6701-4f6b-934c3a777bd3
KXCSGOGAME-FALFUR25-FUR,2025-11-08T12:34:01.071453Z,0.59,6,yes,897bc75c-bb67-6d86-96eb-fbb781854303
KXCSGOGAME-FALFUR25-FUR,2025-11-08T12:27:46.910491Z,0.45,5,no,e465d45e-dbdf-77eb-e0c6-6b6bc8f0cd02
KXCSGOGAME-FALFUR25-FUR,2025-11-08T12:27:46.910491Z,0.41,102,no,aa92cc2b-3279-72f3-f2c5-3f784c0e73d5
KXCSGOGAME-FALFUR25-FUR,2025-11-08T12:27:46.910491Z,0.46,10,no,9d5f93d2-1ef8-701a-c471-857ed2532406
KXCSGOGAME-FALFUR25-FUR,2025-11-08T12:27:46.910491Z,0.43,50,no,034be28c-9c76-7285-dbda-d86dfcac2b38
KXCSGOGAME-FALFUR25-FUR,2025-11-08T12:27:10.466852Z,0.6,95,yes,e48e82f1-5464-4dab-38ec-e12255a25d03
KXCSGOGAME-FALFUR25-FUR,2025-11-08T12:26:15.231912Z,0.64,9,yes,bdfb45cc-adf4-6e8d-babf-1fa2065ced62
KXCSGOGAME-FALFUR25-FUR,2025-11-08T12:26:15.231912Z,0.65,291,yes,9a314a28-4bd4-6a9f-8c89-1dafe7bff5b7
KXCSGOGAME-FALFUR25-FUR,2025-11-08T12:25:53.421473Z,0.41,14,no,b9e91c58-96d9-4917-ad30-2aca0e052cb1
KXCSGOGAME-FALFUR25-FUR,2025-11-08T12:25:53.421473Z,0.42,10,no,ac59be10-c464-4c45-bd54-2353778b3f66
KXCSGOGAME-FALFUR25-FUR,2025-11-08T12:25:37.81933Z,0.64,1,yes,ab9f5ed8-b288-501d-f047-c4ab13c182fe
KXCSGOGAME-FALFUR25-FUR,2025-11-08T12:25:36.036041Z,0.41,1,no,9693b65f-2d89-5287-28a2-af353722e155
KXCSGOGAME-FALFUR25-FUR,2025-11-08T12:25:10.213088Z,0.45,50,no,8fda2c53-929e-5d7a-4bdb-001ec07dba81
KXCSGOGAME-FALFUR25-FUR,2025-11-08T12:25:10.213088Z,0.41,31,no,8d453e5d-0f59-55cf-63dd-b8c9d511e495
KXCSGOGAME-FALFUR25-FUR,2025-11-08T12:25:10.213088Z,0.5,12,no,55290dde-bb68-57f7-4142-01b1d3379379
KXCSGOGAME-FALFUR25-FUR,2025-11-08T12:25:10.213088Z,0.51,25,no,4c99f130-7c8c-5e37-680f-e64e8db2be2f
KXCSGOGAME-FALFUR25-FUR,2025-11-08T12:25:10.213088Z,0.52,10,no,4c1148d8-95c6-50b9-40b4-1846be1a4bbf
KXCSGOGAME-FALFUR25-FUR,2025-11-08T12:25:10.213088Z,0.53,2,no,0ed72bfb-1115-53b5-4d40-1a48befab60c
KXCSGOGAME-FALFUR25-FUR,2025-11-08T12:25:10.213088Z,0.55,16,no,06b56895-b649-5176-5c04-1a1a8133f7b5
KXCSGOGAME-FALFUR25-FUR,2025-11-08T12:24:27.074479Z,0.58,29,no,81feaa12-b6f1-5552-28ae-dde6bba52e01
KXCSGOGAME-FALFUR25-FUR,2025-11-08T12:24:27.074479Z,0.7,30,no,467421fa-a468-52be-365f-257dfa330f53
KXCSGOGAME-FALFUR25-FUR,2025-11-08T12:23:40.676624Z,0.79,200,yes,96fa39fb-588b-43ae-98d1-c268c93f9a18
KXCSGOGAME-FALFUR25-FUR,2025-11-08T12:22:25.386543Z,0.84,200,yes,cfc15486-9605-6516-74dc-91804129a3d6
KXCSGOGAME-FALFUR25-FUR,2025-11-08T12:22:25.386543Z,0.89,8,yes,cacb8b52-a447-6b96-6f89-cd64918fea9c
KXCSGOGAME-FALFUR25-FUR,2025-11-08T12:22:25.386543Z,0.99,199,yes,accf8f7e-428d-6e5e-64ce-d7dbd27e3573
KXCSGOGAME-FALFUR25-FUR,2025-11-08T12:22:25.386543Z,0.84,12,yes,9e498a88-e105-6839-628c-51daca201f51
KXCSGOGAME-FALFUR25-FUR,2025-11-08T12:22:25.386543Z,0.97,100,yes,76bebba7-83ac-6c95-69ee-beb1baae688d
KXCSGOGAME-FALFUR25-FUR,2025-11-08T12:22:25.386543Z,0.77,2,yes,45601c13-261e-6628-6a37-1fd2a71bd244
KXCSGOGAME-FALFUR25-FUR,2025-11-08T12:22:25.386543Z,0.64,274,yes,3e4f98b3-7f48-607c-7e00-a7e6e1d641d8
KXCSGOGAME-FALFUR25-FUR,2025-11-08T12:22:25.386543Z,0.78,17,yes,0016fbd2-4ff4-658e-40b4-7203be3761ef
KXCSGOGAME-FALFUR25-FUR,2025-11-08T12:22:05.441628Z,0.63,102,yes,2af425e3-a9b7-771c-0a7f-faa0dd200c1f
KXCSGOGAME-FALFUR25-FUR,2025-11-08T12:19:39.6623Z,0.62,392,yes,b4ca9b00-818b-7804-7d44-4ff5f56acdd3
KXCSGOGAME-FALFUR25-FUR,2025-11-08T12:19:14.279598Z,0.6,6,yes,93f0a46e-446f-5b74-d1b3-c44e749d0333
KXCSGOGAME-FALFUR25-FUR,2025-11-08T12:19:14.279598Z,0.59,10,yes,1089ef3e-095b-5c2a-c279-046f9cc10662
KXCSGOGAME-FALFUR25-FUR,2025-11-08T12:05:52.236121Z,0.54,2,no,eb8a3db2-3c71-4954-c745-7d5ee60ad6fe
KXCSGOGAME-FALFUR25-FUR,2025-11-08T12:05:52.236121Z,0.55,100,no,7725fda9-8d79-4693-e202-c6556c377471
KXCSGOGAME-FALFUR25-FUR,2025-11-08T12:05:52.236121Z,0.54,20,no,710ff89c-ec4f-42c0-ff0e-86f41aba7ed5
KXCSGOGAME-FALFUR25-FUR,2025-11-08T12:05:52.236121Z,0.42,46,no,42ee9efe-f8d6-404d-d581-f45108017869
KXCSGOGAME-FALFUR25-FUR,2025-11-08T12:05:52.236121Z,0.52,50,no,0ef79735-475e-4a4b-cfae-6b02895face0
KXCSGOGAME-FALFUR25-FUR,2025-11-08T12:05:41.986919Z,0.7,209,yes,3ef094db-b4f0-74fc-3e6b-22d060bca490
KXCSGOGAME-FALFUR25-FUR,2025-11-08T12:02:48.333537Z,0.63,17,yes,56d1c032-93ec-5f00-db1c-3232424db4e4
KXCSGOGAME-FALFUR25-FUR,2025-11-08T11:58:49.755363Z,0.58,23,no,17338789-2ec6-5cd1-95c1-a8253545b37d
KXCSGOGAME-FALFUR25-FUR,2025-11-08T11:55:04.082283Z,0.53,6,no,fe0dbb23-99cc-407c-804e-7b4699e53d4e
KXCSGOGAME-FALFUR25-FUR,2025-11-08T11:53:12.258189Z,0.65,25,yes,f53da483-0aee-5722-5e94-b2240b60078d
KXCSGOGAME-FALFUR25-FUR,2025-11-08T11:52:30.611976Z,0.55,100,no,cec2418c-e4ac-66fa-b4d9-da6c489d8eb5
KXCSGOGAME-FALFUR25-FUR,2025-11-08T11:52:30.611976Z,0.5,6,no,9ffb2c15-544b-6a89-890a-91a85b0881e5
KXCSGOGAME-FALFUR25-FUR,2025-11-08T11:52:30.611976Z,0.52,20,no,0c09511e-2401-6ecb-bf09-d54555b2cbff
KXCSGOGAME-FALFUR25-FUR,2025-11-08T11:51:50.799312Z,0.65,150,yes,11d578cf-aa7e-7dbe-fd73-c400cf607e09
KXCSGOGAME-FALFUR25-FUR,2025-11-08T11:48:09.869835Z,0.59,7,no,fd28153d-0fb5-7560-daf3-45cc4ed5327b
KXCSGOGAME-FALFUR25-FUR,2025-11-08T11:48:09.869835Z,0.47,322,no,e1d69d71-b8d1-7f65-c609-bba9b328dfca
KXCSGOGAME-FALFUR25-FUR,2025-11-08T11:48:09.869835Z,0.46,102,no,7edc8df9-2824-78ef-d7be-45e8bb631971
KXCSGOGAME-FALFUR25-FUR,2025-11-08T11:48:05.317154Z,0.66,143,yes,feb2694a-bbb1-4b5f-9c07-e5168238fb0a
KXCSGOGAME-FALFUR25-FUR,2025-11-08T11:48:05.317154Z,0.64,2,yes,edc0ef4a-3056-4a44-abd0-d233a4a22faa
KXCSGOGAME-FALFUR25-FUR,2025-11-08T11:48:05.317154Z,0.64,1,yes,ea301a55-5c8a-4a17-94cb-eb27b84ce8dd
KXCSGOGAME-FALFUR25-FUR,2025-11-08T11:48:05.317154Z,0.64,2,yes,8b846037-d3af-4773-aa8a-9b3fe2010696
KXCSGOGAME-FALFUR25-FUR,2025-11-08T11:47:37.279648Z,0.64,1,no,8a021d6c-a566-7c5a-e13d-643dd9c6076d
KXCSGOGAME-FALFUR25-FUR,2025-11-08T11:47:37.272751Z,0.64,1,no,cc8b49ec-f37e-4626-35b8-a3c2c09011f1
KXCSGOGAME-FALFUR25-FUR,2025-11-08T11:47:36.447644Z,0.65,7,no,09a6c63f-4758-4501-b622-64c1d4afd8f0
KXCSGOGAME-FALFUR25-FUR,2025-11-08T11:47:30.927195Z,0.65,13,no,01602770-8f98-735d-e579-216f53be3648
KXCSGOGAME-FALFUR25-FUR,2025-11-08T11:47:16.174774Z,0.66,26,yes,bed7a670-8b75-46eb-4bd8-7d5a9cea32da
KXCSGOGAME-FALFUR25-FUR,2025-11-08T11:46:40.796368Z,0.64,8,no,bd156b51-ab0a-5532-1602-059b6b8789dd
KXCSGOGAME-FALFUR25-FUR,2025-11-08T11:46:33.119891Z,0.66,29,yes,2a2e39b1-8dcd-5ad3-6153-ed1909489616
KXCSGOGAME-FALFUR25-FUR,2025-11-08T11:45:36.635982Z,0.66,5,yes,9f44c631-d525-7883-db09-4875094bd1d6
KXCSGOGAME-FALFUR25-FUR,2025-11-08T11:44:30.402295Z,0.59,3,no,641357bd-3e19-5480-7009-fb60a97aee83
KXCSGOGAME-FALFUR25-FUR,2025-11-08T11:40:15.688772Z,0.54,40,no,9112b756-0eb9-5251-389a-57376f0aebe9
KXCSGOGAME-FALFUR25-FUR,2025-11-08T11:40:15.688772Z,0.43,8,no,7a5a78eb-1905-550d-14c1-c900757dc5d2
KXCSGOGAME-FALFUR25-FUR,2025-11-08T11:27:56.446059Z,0.62,251,yes,c1bbc57c-bc1a-53dc-e6a9-7cbc00556eb5
KXCSGOGAME-FALFUR25-FUR,2025-11-08T11:27:56.446059Z,0.7,794,yes,a5fd4a37-b6af-57b7-d81b-d425c0488fc8
KXCSGOGAME-FALFUR25-FUR,2025-11-08T11:27:56.446059Z,0.62,104,yes,7ed697a3-0f01-5478-c49b-ed92a7052912
KXCSGOGAME-FALFUR25-FUR,2025-11-08T11:27:56.446059Z,0.61,265,yes,5b64f9eb-8c48-5940-d906-a53d5bfd55da
KXCSGOGAME-FALFUR25-FUR,2025-11-08T11:27:56.446059Z,0.62,63,yes,56b0d817-1ff0-5344-fc4e-855ac753ce80
KXCSGOGAME-FALFUR25-FUR,2025-11-08T11:27:15.859978Z,0.61,6,yes,a736439d-bc7c-6208-10a4-15add4bd2cea
KXCSGOGAME-FALFUR25-FUR,2025-11-08T11:27:15.859978Z,0.61,9,yes,8e68e3cc-c4d6-6ce0-0537-d9f7c72a3d75
KXCSGOGAME-FALFUR25-FUR,2025-11-08T11:24:14.728644Z,0.6,13,yes,ce16a9f2-0246-5a06-47a4-cf2d7ade3d88
KXCSGOGAME-FALFUR25-FUR,2025-11-08T11:24:14.728644Z,0.6,250,yes,5e20079b-3a65-55f5-7d5b-bb74634e4e29
KXCSGOGAME-FALFUR25-FUR,2025-11-08T11:24:14.728644Z,0.61,195,yes,5c521334-a27a-592c-65f3-b6d9b4b2f5a1
KXCSGOGAME-FALFUR25-FUR,2025-11-08T11:24:14.728644Z,0.58,26,yes,41a5343d-6b03-5a47-6a6c-75d59a6e9025
KXCSGOGAME-FALFUR25-FUR,2025-11-08T11:22:31.843689Z,0.6,52,no,10cc3fdb-7c4d-4720-0630-7266f6a62e80
KXCSGOGAME-FALFUR25-FUR,2025-11-08T11:21:36.717471Z,0.6,95,no,6e78db90-45c5-4f74-d6dc-db7f9db32df0
KXCSGOGAME-FALFUR25-FUR,2025-11-08T11:21:19.010716Z,0.6,845,yes,be119182-d14f-6cd9-2e22-426811478c15
KXCSGOGAME-FALFUR25-FUR,2025-11-08T11:20:31.729657Z,0.6,405,yes,df367ee8-ce07-47c1-e7ad-6d91ef12bdc1
KXCSGOGAME-FALFUR25-FUR,2025-11-08T11:19:44.369741Z,0.59,4,no,eaf975ef-a601-473c-877e-e45df36e63bc
KXCSGOGAME-FALFUR25-FUR,2025-11-08T11:19:44.303825Z,0.59,4,no,1d838227-aac1-4994-cd1d-d0c82f6b0558
KXCSGOGAME-FALFUR25-FUR,2025-11-08T11:17:46.451716Z,0.59,105,yes,7eb4d9a2-68a6-743c-f7fd-fbcb02409809
KXCSGOGAME-FALFUR25-FUR,2025-11-08T11:17:23.979209Z,0.59,24,yes,6ddd17c8-3842-65f0-051d-461461ecceed
KXCSGOGAME-FALFUR25-FUR,2025-11-08T11:14:35.878268Z,0.59,164,yes,5fcb44da-2afa-5a4c-5fef-541692a282f1
KXCSGOGAME-FALFUR25-FUR,2025-11-08T11:13:47.120072Z,0.6,8,yes,3df821d2-f40b-4070-c54e-ee98cb91e0d9
KXCSGOGAME-FALFUR25-FUR,2025-11-08T11:12:39.819935Z,0.61,3,yes,fe251a38-c7ee-6f5c-063c-0602040144a1
KXCSGOGAME-FALFUR25-FUR,2025-11-08T11:11:47.455087Z,0.62,37,yes,e032f0b1-6d38-4eb4-882a-f748fc6a9364
KXCSGOGAME-FALFUR25-FUR,2025-11-08T11:11:47.455087Z,0.6,2,yes,745c9da1-300b-4131-81a6-429a0c77e1dc
KXCSGOGAME-FALFUR25-FUR,2025-11-08T11:11:38.965944Z,0.61,744,yes,333d7b22-949d-5778-113d-ec37c386822a
KXCSGOGAME-FALFUR25-FUR,2025-11-08T11:11:38.965944Z,0.58,56,yes,1d927b48-a119-517b-35db-fe6f7a09ccee
KXCSGOGAME-FALFUR25-FUR,2025-11-08T11:10:44.372062Z,0.52,242,yes,fb15a9c9-69a5-5946-088f-35b996256251
KXCSGOGAME-FALFUR25-FUR,2025-11-08T11:10:44.372062Z,0.59,21,yes,e62a4763-ccde-5879-039d-14cc8bcf8beb
KXCSGOGAME-FALFUR25-FUR,2025-11-08T11:10:44.372062Z,0.56,36,yes,b262bb58-985f-5d76-06cb-058d1eb2bdd1
KXCSGOGAME-FALFUR25-FUR,2025-11-08T11:10:44.372062Z,0.6,258,yes,adbe7d54-a8a5-5470-191c-0f3ae65d04ea
KXCSGOGAME-FALFUR25-FUR,2025-11-08T11:10:44.372062Z,0.58,5,yes,28746d8b-6116-5231-0032-cdd2e0222c15
KXCSGOGAME-FALFUR25-FUR,2025-11-08T11:10:44.372062Z,0.61,152,yes,1774dcac-c59d-5d84-1455-d0375f1efa76
KXCSGOGAME-FALFUR25-FUR,2025-11-08T11:09:51.189281Z,0.52,5,yes,2db0902b-d0d5-51f2-3704-457368676e75
KXCSGOGAME-FALFUR25-FUR,2025-11-08T11:08:54.753479Z,0.54,12,yes,84add503-a6aa-46ac-0180-d14343c5cb85
KXCSGOGAME-FALFUR25-FUR,2025-11-08T11:08:03.018048Z,0.51,368,yes,a299a48b-5f68-57e1-a2c8-9043558bff51
KXCSGOGAME-FALFUR25-FUR,2025-11-08T11:08:03.018048Z,0.55,71,yes,6763f3a7-31d9-5ffc-8882-2bc5ef399022
KXCSGOGAME-FALFUR25-FUR,2025-11-08T11:08:03.018048Z,0.5,33,yes,0f25f183-4b00-58fd-bd20-25b98879533c
KXCSGOGAME-FALFUR25-FUR,2025-11-08T11:07:06.615396Z,0.51,200,yes,7c4da9fa-45b0-404d-785a-47950b0c3415
KXCSGOGAME-FALFUR25-FUR,2025-11-08T11:07:06.519369Z,0.51,55,yes,c05d832e-7838-4e0d-ff17-0c63fb64d8a5
KXCSGOGAME-FALFUR25-FUR,2025-11-08T11:06:46.274274Z,0.51,18,yes,2070a85b-3834-6e41-4aeb-440cd39840ed
KXCSGOGAME-FALFUR25-FUR,2025-11-08T11:06:34.434466Z,0.51,379,yes,58eb6502-c7f4-7181-49b6-7b9d3fda7751
KXCSGOGAME-FALFUR25-FUR,2025-11-08T11:05:48.246487Z,0.53,47,yes,2155be72-4589-6693-6a06-9affca3047d8
KXCSGOGAME-FALFUR25-FUR,2025-11-08T11:01:28.872886Z,0.44,218,yes,8d04dffd-4879-64d3-06a1-38a70450cbb0
KXCSGOGAME-FALFUR25-FUR,2025-11-08T11:00:48.938869Z,0.44,19,yes,3b6d5bd9-d6c1-6893-4ccb-f2e2559817cc
KXCSGOGAME-FALFUR25-FUR,2025-11-08T11:00:26.153631Z,0.43,24,yes,b36c9cc4-5feb-4c6a-c681-4fc60f429d41
KXCSGOGAME-FALFUR25-FUR,2025-11-08T10:56:22.180259Z,0.3,1,no,c40d13ec-de9a-4b4d-1b6b-df1b18f76564
KXCSGOGAME-FALFUR25-FUR,2025-11-08T10:54:40.12778Z,0.35,35,no,9548395a-8196-63df-11b8-98ca4b31ade9
KXCSGOGAME-FALFUR25-FUR,2025-11-08T10:53:17.848631Z,0.47,5,yes,6c6f1acc-8e25-5ffb-9ae6-0c634499bc99
KXCSGOGAME-FALFUR25-FUR,2025-11-08T10:53:13.1091Z,0.35,45,no,80c49be3-66d6-56ef-efea-4d1462ac6a39
KXCSGOGAME-FALFUR25-FUR,2025-11-08T10:51:48.984732Z,0.38,32,yes,e6bfe1e7-db26-7e1e-9321-95613c4c37db
KXCSGOGAME-FALFUR25-FUR,2025-11-08T10:51:38.687092Z,0.38,126,yes,fb160733-b4b6-4aaa-0bfb-3bd093f6bdd7
KXCSGOGAME-FALFUR25-FUR,2025-11-08T10:50:37.968227Z,0.38,37,yes,ea67fd3d-e8d2-632e-77ed-67cf5ee4c373
KXCSGOGAME-FALFUR25-FUR,2025-11-08T10:47:48.659179Z,0.35,65,no,033b9af6-c1ae-60db-f863-a0d54d607a1f
KXCSGOGAME-FALFUR25-FUR,2025-11-08T10:47:20.130194Z,0.38,17,yes,7faf6906-2e5e-4a3c-08e5-09971db7968a
KXCSGOGAME-FALFUR25-FUR,2025-11-08T10:41:52.615647Z,0.38,4,yes,3e9e00a8-0acf-721c-5177-0c25c4cd261d
KXCSGOGAME-FALFUR25-FUR,2025-11-08T10:41:52.615647Z,0.39,50,yes,19582643-eb1b-7ded-4603-9347cca01ad2
KXCSGOGAME-FALFUR25-FUR,2025-11-08T10:38:30.151212Z,0.35,1,no,82980c33-49c2-510b-1e28-ea8efb6f4b07
KXCSGOGAME-FALFUR25-FUR,2025-11-08T10:34:49.863806Z,0.38,5,no,e4962837-c569-7472-14b1-6a36e43346d1
KXCSGOGAME-FALFUR25-FUR,2025-11-08T10:34:49.863806Z,0.37,9,no,169d7559-2746-77a7-1812-78707bd2072f
KXCSGOGAME-FALFUR25-FUR,2025-11-08T10:34:44.604838Z,0.39,472,yes,b1ca1176-784e-4f18-f5cb-d291a71f3b02
KXCSGOGAME-FALFUR25-FUR,2025-11-08T10:34:44.604838Z,0.39,44,yes,92ae467b-b9b7-4c69-dd86-aa675e88745e
KXCSGOGAME-FALFUR25-FUR,2025-11-08T10:31:49.829851Z,0.38,23,no,d1aacff1-e025-7c67-297c-f90a02e88cce
KXCSGOGAME-FALFUR25-FUR,2025-11-08T10:31:07.048249Z,0.39,447,yes,e0395fb3-815f-445d-d7bc-81a8708fcd07
KXCSGOGAME-FALFUR25-FUR,2025-11-08T10:31:07.048249Z,0.39,14,yes,775a44d4-1f35-4171-ed32-49b0ab62e0f2
KXCSGOGAME-FALFUR25-FUR,2025-11-08T10:29:36.617014Z,0.39,12,yes,9801fe50-17eb-7ad5-594e-7a1a9e8bd36f
KXCSGOGAME-FALFUR25-FUR,2025-11-08T10:27:26.268107Z,0.36,4,no,9ec0369f-3f8e-6ad7-1f37-1a59c88e17e3
KXCSGOGAME-FALFUR25-FUR,2025-11-08T10:26:22.964574Z,0.39,9,yes,6b964b86-5f77-6e39-1416-d8dc2b892bdf
KXCSGOGAME-FALFUR25-FUR,2025-11-08T10:26:21.665739Z,0.39,24,yes,3d3f1b9d-5f57-6651-db0d-861c1121e59b
KXCSGOGAME-FALFUR25-FUR,2025-11-08T10:24:13.576071Z,0.4,10,yes,70020e15-5ed2-5997-1c3c-4fa38feb6c71
KXCSGOGAME-FALFUR25-FUR,2025-11-08T10:24:13.576071Z,0.39,14,yes,6b81f3bf-d3ef-5d53-1590-cbb8c5492ea8
KXCSGOGAME-FALFUR25-FUR,2025-11-08T10:21:10.069799Z,0.4,431,yes,91f05715-0052-4917-5dbc-923bcaee49b9
KXCSGOGAME-FALFUR25-FUR,2025-11-08T10:20:18.047743Z,0.38,2,yes,dd199fd5-e006-7f88-cb9d-af70dbf12714
KXCSGOGAME-FALFUR25-FUR,2025-11-08T10:20:10.239099Z,0.38,200,yes,b98422fb-f3b2-6724-75f3-0f413386f640
KXCSGOGAME-FALFUR25-FUR,2025-11-08T10:19:14.552836Z,0.38,4,yes,ec604302-c0cc-54df-f447-89688a3be7da
KXCSGOGAME-FALFUR25-FUR,2025-11-08T10:19:14.552836Z,0.38,120,yes,90163700-06a2-546c-f9a1-24ffaa9e7178
KXCSGOGAME-FALFUR25-FUR,2025-11-08T10:18:16.256943Z,0.35,8,no,12d393a1-7f66-72db-e52d-6c267b1f8003
KXCSGOGAME-FALFUR25-FUR,2025-11-08T10:16:32.054734Z,0.36,44,yes,3b18d2cf-effc-67f0-d29c-b89abb74d189
KXCSGOGAME-FALFUR25-FUR,2025-11-08T10:16:32.054734Z,0.38,21,yes,3a9f0dc6-2b30-6533-dbe0-26f62a382e12
KXCSGOGAME-FALFUR25-FUR,2025-11-08T10:16:21.985187Z,0.36,265,yes,4aa6142c-308c-7a58-1e02-136995c46925
KXCSGOGAME-FALFUR25-FUR,2025-11-08T10:16:17.542551Z,0.36,2,yes,d15c7197-e0f0-4520-feee-e8df525a86e9
KXCSGOGAME-FALFUR25-FUR,2025-11-08T10:13:10.043248Z,0.39,13,yes,bfde8064-9b44-5b23-80b0-e033f6819c63
KXCSGOGAME-FALFUR25-FUR,2025-11-08T10:13:10.043248Z,0.4,6,yes,b2d09cf0-4818-535b-8196-3eb7eb8656da
KXCSGOGAME-FALFUR25-FUR,2025-11-08T10:09:30.851903Z,0.4,62,yes,329df4bd-1cbc-68fb-b110-f893f8d4bc2e
KXCSGOGAME-FALFUR25-FUR,2025-11-08T10:09:18.057339Z,0.4,23,yes,722b2a96-5f44-65fb-6402-2e4b1aa889d6
KXCSGOGAME-FALFUR25-FUR,2025-11-08T10:08:53.363814Z,0.4,95,yes,267014e2-19e8-42fb-f4ba-dcf23d579c06
KXCSGOGAME-FALFUR25-FUR,2025-11-08T10:08:11.06444Z,0.4,9,yes,68505e1d-6c98-7273-6fbd-1e7840214e0a
KXCSGOGAME-FALFUR25-FUR,2025-11-08T10:07:03.07717Z,0.4,5,yes,44f952ef-6194-6cb7-2b0e-8b3742203132
KXCSGOGAME-FALFUR25-FUR,2025-11-08T10:06:58.374524Z,0.4,3534,yes,a3a2aee1-0820-64e3-01f6-16bbb80992aa
KXCSGOGAME-FALFUR25-FUR,2025-11-08T10:06:46.872593Z,0.39,75,yes,9e430c90-e63c-6598-0cb1-0c523dbb8df0
KXCSGOGAME-FALFUR25-FUR,2025-11-08T10:06:46.872593Z,0.4,209,yes,339716b5-575c-605b-08fd-67292a986c86
KXCSGOGAME-FALFUR25-FUR,2025-11-08T10:06:05.123884Z,0.39,1,yes,9a74302f-ec60-7bf0-bf45-68ed40ef4378
KXCSGOGAME-FALFUR25-FUR,2025-11-08T10:05:15.943569Z,0.39,6,yes,3762af5e-91b1-4e61-14ae-3514618d5f60
KXCSGOGAME-FALFUR25-FUR,2025-11-08T10:05:08.482415Z,0.39,24,yes,5842adbd-14f5-793b-12df-594e3e26a438
KXCSGOGAME-FALFUR25-FUR,2025-11-08T10:04:42.1945Z,0.39,31,yes,ab1f6acd-5e1d-66be-ba9a-633196d4e0ad
KXCSGOGAME-FALFUR25-FUR,2025-11-08T10:04:42.1945Z,0.4,329,yes,018d7daa-6fb4-6dc7-b634-69943cb4bbaa
KXCSGOGAME-FALFUR25-FUR,2025-11-08T10:04:37.962601Z,0.39,8,yes,3abf2b04-6035-636e-b5ff-91644b81ed99
KXCSGOGAME-FALFUR25-FUR,2025-11-08T10:04:33.399683Z,0.36,60,no,7a840e5e-9ec6-60b7-870b-ce79b9b8edb3
KXCSGOGAME-FALFUR25-FUR,2025-11-08T10:04:24.567921Z,0.4,48,yes,6d012134-dfa4-69b3-4edf-3107812c53da
KXCSGOGAME-FALFUR25-FUR,2025-11-08T10:04:22.394584Z,0.39,30,yes,ab487477-168a-7ada-9060-8c3701075e62
KXCSGOGAME-FALFUR25-FUR,2025-11-08T10:04:22.394584Z,0.4,681,yes,98b224e8-0924-7e4f-9646-2b47b569701e
KXCSGOGAME-FALFUR25-FUR,2025-11-08T10:04:10.362017Z,0.38,54,no,ebed50f8-5882-7d82-e103-87be3ae075d7
KXCSGOGAME-FALFUR25-FUR,2025-11-08T10:04:10.362017Z,0.37,500,no,d4a64d3b-e4cd-7e62-c7b7-a9a889e57c33
KXCSGOGAME-FALFUR25-FUR,2025-11-08T10:04:10.362017Z,0.36,28,no,7c47999d-5c62-7a27-c9a8-5c3556627be3
KXCSGOGAME-FALFUR25-FUR,2025-11-08T10:04:05.316476Z,0.4,500,yes,bf1fed57-b72c-4f23-5f65-f3eb7452010e
KXCSGOGAME-FALFUR25-FUR,2025-11-08T10:03:57.952275Z,0.4,695,yes,dd7d85fe-8290-6ea7-999d-344b9e20e5ca
KXCSGOGAME-FALFUR25-FUR,2025-11-08T10:03:45.969578Z,0.4,239,yes,57f204cb-c0d4-6a37-7e69-837e695daa26
KXCSGOGAME-FALFUR25-FUR,2025-11-08T10:03:00.220815Z,0.39,2,yes,e9121c31-dc60-5d68-988a-556044e9ff14
KXCSGOGAME-FALFUR25-FUR,2025-11-08T10:03:00.220815Z,0.39,59,yes,7a0607be-2c16-5593-9a5a-34d00eb88f6c
KXCSGOGAME-FALFUR25-FUR,2025-11-08T10:01:30.36633Z,0.38,295,no,803063f1-a786-79c2-27e3-09c70a724967
KXCSGOGAME-FALFUR25-FUR,2025-11-08T10:00:27.725808Z,0.39,4,yes,334f8210-2302-634f-a509-fd12153448c8
KXCSGOGAME-FALFUR25-FUR,2025-11-08T09:53:44.283779Z,0.39,36,yes,289b3b5c-abee-4867-2499-de79a0643108
KXCSGOGAME-FALFUR25-FUR,2025-11-08T09:52:28.265544Z,0.38,1,no,502a726f-5a16-6ab2-ae85-7d0a620ad42b
KXCSGOGAME-FALFUR25-FUR,2025-11-08T09:51:46.746005Z,0.39,1,yes,e16173fd-6cee-4d9f-5d15-82ccdbe76370
KXCSGOGAME-FALFUR25-FUR,2025-11-08T09:51:04.798032Z,0.39,396,yes,82facada-0e5c-6a69-4e6a-3fbed9d27430
KXCSGOGAME-FALFUR25-FUR,2025-11-08T09:51:04.798032Z,0.39,186,yes,1147b174-3126-638b-6496-7a92d7f165d8
KXCSGOGAME-FALFUR25-FUR,2025-11-08T09:47:50.797589Z,0.39,4,yes,e9fe58b0-b680-7a69-8b86-1283fd1dd778
KXCSGOGAME-FALFUR25-FUR,2025-11-08T09:47:06.554342Z,0.38,1,no,7555ae6e-c0f2-5b6e-238f-0470df6acb87
KXCSGOGAME-FALFUR25-FUR,2025-11-08T09:46:56.170494Z,0.39,1,yes,a19563fd-77e8-6631-19bb-96810e8130ec
KXCSGOGAME-FALFUR25-FUR,2025-11-08T09:46:09.184386Z,0.38,1,no,4c5777d4-073a-793e-df17-d9b99088fb97
KXCSGOGAME-FALFUR25-FUR,2025-11-08T09:45:16.833572Z,0.38,1,no,e3c1cf19-7a82-6886-df97-dba4567eecbb
KXCSGOGAME-FALFUR25-FUR,2025-11-08T09:44:49.783421Z,0.39,1,yes,338e0982-8090-70d1-8819-42c945597d7c
KXCSGOGAME-FALFUR25-FUR,2025-11-08T09:40:18.448326Z,0.39,49,yes,92a92030-b100-5db5-d8b7-b887b4c7f948
KXCSGOGAME-FALFUR25-FUR,2025-11-08T09:35:53.433813Z,0.38,17,yes,f04fda3d-76dd-7a57-fb29-cf836acef5c2
KXCSGOGAME-FALFUR25-FUR,2025-11-08T09:30:56.419895Z,0.38,25,yes,b8e0472c-a281-6c57-8942-60565d1b1d22
KXCSGOGAME-FALFUR25-FUR,2025-11-08T08:48:38.167603Z,0.39,49,yes,cc6b9d46-e598-5771-0f94-8cde8363c61c
KXCSGOGAME-FALFUR25-FUR,2025-11-08T08:32:39.237776Z,0.38,338,yes,d716d7d5-227a-506d-837e-4e9ef5e8a576
KXCSGOGAME-FALFUR25-FUR,2025-11-08T08:32:39.237776Z,0.39,75,yes,cb23e5f0-b0d8-5c8f-befe-2279a052176e
KXCSGOGAME-FALFUR25-FUR,2025-11-08T08:32:39.237776Z,0.4,85,yes,0323eae8-bf99-50b7-a3c3-ba69dd6fb7de
KXCSGOGAME-FALFUR25-FUR,2025-11-08T08:31:13.299667Z,0.38,63,yes,c669f0a3-5d46-76e5-ddf7-47ba9c219d12
KXCSGOGAME-FALFUR25-FUR,2025-11-08T08:30:05.438901Z,0.38,327,yes,f46008c3-a506-725d-ba6e-c7e9a1814d5e
KXCSGOGAME-FALFUR25-FUR,2025-11-08T08:07:40.603214Z,0.38,72,yes,724884e6-6686-7885-00e4-9f4e040bd626
KXCSGOGAME-FALFUR25-FUR,2025-11-08T08:07:40.603214Z,0.38,180,yes,19ae83ab-c84b-795a-113e-32cdde704472
KXCSGOGAME-FALFUR25-FUR,2025-11-08T08:05:26.417552Z,0.38,63,yes,f6162bf7-3853-6e66-1202-de1416b5d45a
KXCSGOGAME-FALFUR25-FUR,2025-11-08T07:57:29.596642Z,0.38,5,yes,752f37d4-2693-5dfa-7f4c-1a29574a0a4a
KXCSGOGAME-FALFUR25-FUR,2025-11-08T07:45:35.840408Z,0.38,50,yes,2174174a-dbbb-5456-3b3f-3f6de06dd616
KXCSGOGAME-FALFUR25-FUR,2025-11-08T06:21:29.98822Z,0.4,35,yes,3e446f37-de63-7376-6ed7-9dd93793b66a
KXCSGOGAME-FALFUR25-FUR,2025-11-08T05:47:11.186354Z,0.41,58,yes,7ff439c1-f7c7-654e-dc34-5943f4b6b4ba
KXCSGOGAME-FALFUR25-FUR,2025-11-08T05:30:55.029214Z,0.37,4,no,af0333ae-572a-5dc7-45d9-8f60f653ed75
KXCSGOGAME-FALFUR25-FUR,2025-11-08T05:30:55.029214Z,0.38,35,no,3bf813e4-d063-5db8-5220-d814582774ac
KXCSGOGAME-FALFUR25-FUR,2025-11-08T05:30:55.029214Z,0.36,78,no,0c12dc81-52f8-5509-498d-d6953c7132b1
KXCSGOGAME-FALFUR25-FUR,2025-11-08T05:26:09.221003Z,0.41,37,yes,1a3c764a-b2d1-7087-0057-1111f3cc58e8
KXCSGOGAME-FALFUR25-FUR,2025-11-08T05:19:27.973738Z,0.41,117,yes,68190682-e8be-643b-6ef6-25717232660c
KXCSGOGAME-FALFUR25-FUR,2025-11-08T05:09:47.439265Z,0.41,39,yes,e63a2668-f42e-5677-b6e7-91098db9a7d0
KXCSGOGAME-FALFUR25-FUR,2025-11-08T05:03:12.662083Z,0.41,58,yes,e1149342-4b6e-6173-522f-5ebe34cd30c0
KXCSGOGAME-FALFUR25-FUR,2025-11-08T04:14:05.810826Z,0.42,45,yes,89ca05e1-4809-51fb-0696-8ea22538664f
KXCSGOGAME-FALFUR25-FUR,2025-11-08T03:20:43.17978Z,0.42,16,yes,cc443b22-b281-62ae-e074-b1cd35b3ee3a
KXCSGOGAME-FALFUR25-FUR,2025-11-08T03:12:22.810422Z,0.42,45,yes,8c6bfa22-60bc-5aef-7e53-2bab28fe91e2
KXCSGOGAME-FALFUR25-FUR,2025-11-08T00:28:37.421113Z,0.39,1,yes,2d1fd534-b654-4150-60ac-485352135fed
KXCSGOGAME-FALFUR25-FUR,2025-11-08T00:13:12.529567Z,0.39,300,yes,9a2893b5-a589-43db-4c40-ed44a3fc90ce
KXCSGOGAME-FALFUR25-FUR,2025-11-08T00:13:12.529567Z,0.4,100,yes,85d80e2b-6f1e-4fcb-6d93-c1754941c6c9
KXCSGOGAME-FALFUR25-FUR,2025-11-08T00:13:12.529567Z,0.45,77,yes,05f09a09-5b62-45dc-79e5-56ffe8178e80
KXCSGOGAME-FALFUR25-FUR,2025-11-07T20:40:21.1382Z,0.4,11,yes,76b5c54b-c01b-6ff8-27ce-f967834c96d1
KXCSGOGAME-FALFUR25-FUR,2025-11-07T20:02:04.905444Z,0.41,10,yes,40d10320-0ca7-591e-b6b3-808cdf2fdc8f
KXCSGOGAME-FALFUR25-FUR,2025-11-07T19:18:09.61903Z,0.41,7,yes,c33add7a-65f7-5d9f-b0f6-d04d94ca9b55
KXCSGOGAME-FALFUR25-FUR,2025-11-07T18:44:12.531203Z,0.41,11,yes,57371032-d533-4137-94c0-ef316fddb389
KXCSGOGAME-FALFUR25-FUR,2025-11-07T18:27:28.923882Z,0.41,21,yes,b525f0a1-b8cb-6bdf-86a7-2d3d4104f621
KXCSGOGAME-FALFUR25-FUR,2025-11-07T18:27:28.923882Z,0.4,50,yes,32e156b0-edb7-6093-a33c-0a6f8351a091
KXCSGOGAME-FALFUR25-FUR,2025-11-07T18:22:43.372885Z,0.4,863,yes,583c111e-71a2-78e4-1c7e-8798a8abf248
KXCSGOGAME-FALFUR25-FUR,2025-11-07T18:14:50.924028Z,0.39,1229,yes,e05292b0-68aa-71a0-87cc-64c068748785
KXCSGOGAME-FALFUR25-FUR,2025-11-07T16:46:16.232885Z,0.5,19,yes,37409479-3b7b-6227-1b9c-a982b48eece6
KXCSGOGAME-FALFUR25-FUR,2025-11-07T16:05:59.110654Z,0.5,1155,yes,15c3f59e-022b-6ff7-28f9-dd532ecb5b7a
