ticker,created_time,price,count,taker_side,trade_id
KXJLEAGUEGAME-25NOV08SHOALB-ALB,2025-11-08T07:53:03.703543Z,0.01,467,yes,d9d4057f-cf9c-6323-6932-bc61f66ee1c9
KXJLEAGUEGAME-25NOV08SHOALB-ALB,2025-11-08T07:22:09.246057Z,0.01,467,yes,9b8f434c-5405-4b15-d5b6-fa57dbe0579f
KXJLEAGUEGAME-25NOV08SHOALB-ALB,2025-11-08T07:22:09.246057Z,0.02,140,yes,72682d3e-0fe8-439a-f14c-220ebdc4aefc
KXJLEAGUEGAME-25NOV08SHOALB-ALB,2025-11-08T07:22:03.926523Z,0.01,50,yes,6ca8b9df-819d-59d9-cc0d-0017a7e9a477
KXJLEAGUEGAME-25NOV08SHOALB-ALB,2025-11-08T07:22:03.926523Z,0.01,579,yes,0658a1e4-fe78-5c2c-e252-ac63223bd104
KXJLEAGUEGAME-25NOV08SHOALB-ALB,2025-11-08T07:12:56.809117Z,0.01,154,yes,cf745028-5828-613c-ff50-60bce4908530
KXJLEAGUEGAME-25NOV08SHOALB-ALB,2025-11-08T07:12:56.77093Z,0.01,293,yes,9512f577-5040-7e0c-3d8d-7d7dbfb1ce9c
KXJLEAGUEGAME-25NOV08SHOALB-ALB,2025-11-08T07:12:38.505993Z,0.01,264,no,ee9733db-d54b-5f47-c46a-6613add61d6b
KXJLEAGUEGAME-25NOV08SHOALB-ALB,2025-11-08T07:12:35.662644Z,0.01,210,yes,f2d4afbb-71f4-7074-6381-e9e1660b463f
KXJLEAGUEGAME-25NOV08SHOALB-ALB,2025-11-08T07:12:35.625934Z,0.01,222,no,d79f2eb8-5085-51ce-aea5-3d641353e20e
KXJLEAGUEGAME-25NOV08SHOALB-ALB,2025-11-08T07:12:35.625934Z,0.01,168,no,91c1fad3-788e-564c-b460-41625d7b4d2a
KXJLEAGUEGAME-25NOV08SHOALB-ALB,2025-11-08T07:12:35.625934Z,0.01,500,no,6e9570fd-b620-5091-a834-bc1a044ef042
KXJLEAGUEGAME-25NOV08SHOALB-ALB,2025-11-08T07:12:35.625934Z,0.01,200,no,6138b2f6-413b-5394-868f-4f9744a741fc
KXJLEAGUEGAME-25NOV08SHOALB-ALB,2025-11-08T07:12:35.625934Z,0.01,200,no,16e91a14-574c-5242-bead-b866572b442f
KXJLEAGUEGAME-25NOV08SHOALB-ALB,2025-11-08T07:12:30.273247Z,0.01,39,no,d213b96c-ecaa-4244-94dc-814e11be0526
KXJLEAGUEGAME-25NOV08SHOALB-ALB,2025-11-08T07:12:27.286999Z,0.01,2,no,e730d048-0016-51e0-126c-eac598a0dec6
KXJLEAGUEGAME-25NOV08SHOALB-ALB,2025-11-08T07:09:56.030587Z,0.01,45,no,52127024-a332-58a8-e087-77c19faddece
KXJLEAGUEGAME-25NOV08SHOALB-ALB,2025-11-08T07:09:54.461632Z,0.01,1,no,56858fe8-286e-6a88-5fe8-02a15cdabfd6
KXJLEAGUEGAME-25NOV08SHOALB-ALB,2025-11-08T07:09:45.064312Z,0.01,5,no,fad3b9f2-dd72-69ac-df1b-d4d713bfdb0e
KXJLEAGUEGAME-25NOV08SHOALB-ALB,2025-11-08T07:09:35.515478Z,0.01,7,no,1987543b-f0ee-7358-d864-638c110616f2
KXJLEAGUEGAME-25NOV08SHOALB-ALB,2025-11-08T07:08:47.439662Z,0.03,249,yes,0ad43f37-2b30-5c66-cdfe-d22a50ac8676
KXJLEAGUEGAME-25NOV08SHOALB-ALB,2025-11-08T07:07:52.724048Z,0.01,15,no,dc8d0ccd-d442-7aa8-a0fa-a82a69109f1a
KXJLEAGUEGAME-25NOV08SHOALB-ALB,2025-11-08T07:07:52.724048Z,0.02,985,no,63c9a1d0-f197-7293-b368-7f85be09de2a
KXJLEAGUEGAME-25NOV08SHOALB-ALB,2025-11-08T07:07:00.85739Z,0.02,15,no,a194579d-a963-6d9b-6589-5d241dffee56
KXJLEAGUEGAME-25NOV08SHOALB-ALB,2025-11-08T07:05:49.181457Z,0.02,3,no,8ba1ae61-efef-5cc9-9047-eb736179a01f
KXJLEAGUEGAME-25NOV08SHOALB-ALB,2025-11-08T07:05:15.795262Z,0.06,5,yes,e5c28dec-8313-544d-25d9-94665a99eb3f
KXJLEAGUEGAME-25NOV08SHOALB-ALB,2025-11-08T07:05:15.795262Z,0.05,12,yes,84c2cbe3-3086-5407-2e22-9a5755d6205e
KXJLEAGUEGAME-25NOV08SHOALB-ALB,2025-11-08T07:03:58.528684Z,0.05,93,yes,876f2738-8272-6f3b-55a3-dda5fe7cc416
KXJLEAGUEGAME-25NOV08SHOALB-ALB,2025-11-08T07:02:23.13295Z,0.07,196,yes,d58266d7-f783-6759-dbe5-7791a9334b19
KXJLEAGUEGAME-25NOV08SHOALB-ALB,2025-11-08T06:59:30.368019Z,0.03,1000,no,955ba2f0-c542-7098-8bf7-9c3445cf5601
KXJLEAGUEGAME-25NOV08SHOALB-ALB,2025-11-08T06:57:24.300911Z,0.02,17,no,2fca74ef-911b-5d39-014b-82366448f463
KXJLEAGUEGAME-25NOV08SHOALB-ALB,2025-11-08T06:57:23.424409Z,0.01,240,no,fe66f3fc-10c6-5ecc-b4a0-02da22bcc46a
KXJLEAGUEGAME-25NOV08SHOALB-ALB,2025-11-08T06:57:23.424409Z,0.02,118,no,b5164dec-09ea-5f5b-828e-8099edaf7ad0
KXJLEAGUEGAME-25NOV08SHOALB-ALB,2025-11-08T06:57:23.424409Z,0.02,16,no,929351b0-a2e7-5d85-bf6b-4f8ac3229741
KXJLEAGUEGAME-25NOV08SHOALB-ALB,2025-11-08T06:57:20.178099Z,0.19,35,yes,fc5ca1be-e7dd-43d5-c7f7-31510ab20c11
KXJLEAGUEGAME-25NOV08SHOALB-ALB,2025-11-08T06:57:20.178099Z,0.09,62,yes,e682df72-c2e8-459a-d1bf-91c898babc8e
KXJLEAGUEGAME-25NOV08SHOALB-ALB,2025-11-08T06:57:20.178099Z,0.17,61,yes,9bb3cc46-9bff-4ae9-f592-b3e9d6319644
KXJLEAGUEGAME-25NOV08SHOALB-ALB,2025-11-08T06:57:20.178099Z,0.15,62,yes,8bd2d64e-4ec0-4ae4-d0e9-92391995b21b
KXJLEAGUEGAME-25NOV08SHOALB-ALB,2025-11-08T06:57:20.178099Z,0.13,62,yes,8558b7a8-1fd7-4a0a-ecbc-09df18a871b9
KXJLEAGUEGAME-25NOV08SHOALB-ALB,2025-11-08T06:57:20.178099Z,0.11,62,yes,0046854f-8ee3-46dd-feb6-b0288b4266d6
KXJLEAGUEGAME-25NOV08SHOALB-ALB,2025-11-08T06:51:21.842465Z,0.02,54,no,12964b2f-a2b7-603d-d9d7-26769cbbf2d5
KXJLEAGUEGAME-25NOV08SHOALB-ALB,2025-11-08T06:49:06.084369Z,0.03,488,no,bbea4ea4-7911-612e-c790-4a8d984216ee
KXJLEAGUEGAME-25NOV08SHOALB-ALB,2025-11-08T06:48:38.711755Z,0.03,62,no,150dbf97-42bd-6b62-d4f3-241379c1d9ba
KXJLEAGUEGAME-25NOV08SHOALB-ALB,2025-11-08T06:48:38.463329Z,0.03,72,no,ae63a513-baf1-7afa-f840-c9467ca77eba
KXJLEAGUEGAME-25NOV08SHOALB-ALB,2025-11-08T06:48:38.420196Z,0.03,145,no,9e2272dd-098d-59f2-268d-f71e1deb53e6
KXJLEAGUEGAME-25NOV08SHOALB-ALB,2025-11-08T06:48:38.37362Z,0.03,233,no,e259099e-fb01-6946-ef9a-c48ea65b61fa
KXJLEAGUEGAME-25NOV08SHOALB-ALB,2025-11-08T06:48:38.37362Z,0.03,20,no,1a416248-85cd-658b-e7ae-1e74fe476571
KXJLEAGUEGAME-25NOV08SHOALB-ALB,2025-11-08T06:48:11.610967Z,0.24,7,yes,40b5a214-7e4c-4a62-6d16-8d6e46e22439
KXJLEAGUEGAME-25NOV08SHOALB-ALB,2025-11-08T06:46:38.140033Z,0.03,117,no,ea27f92a-4521-4b19-56b7-73f6a1ec6532
KXJLEAGUEGAME-25NOV08SHOALB-ALB,2025-11-08T06:46:32.336619Z,0.05,5,no,8c063edf-aef9-53b8-c910-b543f28a5de9
KXJLEAGUEGAME-25NOV08SHOALB-ALB,2025-11-08T06:46:18.959619Z,0.48,10,yes,b1053ee6-bd52-5c52-e12a-cd653fe541ac
KXJLEAGUEGAME-25NOV08SHOALB-ALB,2025-11-08T06:45:43.847782Z,0.11,98,yes,f3daacee-0401-7e68-8178-9ed70692a899
KXJLEAGUEGAME-25NOV08SHOALB-ALB,2025-11-08T06:45:43.847782Z,0.15,98,yes,e9781b54-d588-77fd-8dd6-6e297bd70d53
KXJLEAGUEGAME-25NOV08SHOALB-ALB,2025-11-08T06:45:43.847782Z,0.17,42,yes,e5194000-1b33-7107-b56a-ed14d931e783
KXJLEAGUEGAME-25NOV08SHOALB-ALB,2025-11-08T06:45:43.847782Z,0.13,98,yes,ccef208b-d2dd-707a-81ea-21b3b8aee003
KXJLEAGUEGAME-25NOV08SHOALB-ALB,2025-11-08T06:45:43.847782Z,0.12,38,yes,8e27463b-36ac-7c02-a401-297b684721a3
KXJLEAGUEGAME-25NOV08SHOALB-ALB,2025-11-08T06:44:27.593532Z,0.02,35,no,c2aab0ca-cedf-7965-9053-2eeec835cf91
KXJLEAGUEGAME-25NOV08SHOALB-ALB,2025-11-08T06:43:45.851265Z,0.02,23,no,745c72e7-a79b-64a9-3093-56af3bdd6f61
KXJLEAGUEGAME-25NOV08SHOALB-ALB,2025-11-08T06:42:16.994902Z,0.02,72,no,47ccb907-acff-7791-4031-79181c7df359
KXJLEAGUEGAME-25NOV08SHOALB-ALB,2025-11-08T06:42:16.994902Z,0.04,9,no,261ee0e1-90a5-7239-5db2-43b7a46625a6
KXJLEAGUEGAME-25NOV08SHOALB-ALB,2025-11-08T06:42:10.908262Z,0.04,201,no,b86da3f9-c1d1-4375-edc4-9132529c0c6a
KXJLEAGUEGAME-25NOV08SHOALB-ALB,2025-11-08T06:41:35.562617Z,0.04,26,no,18d2d528-2a5d-7981-46fe-c736da81a6ca
KXJLEAGUEGAME-25NOV08SHOALB-ALB,2025-11-08T06:41:30.941254Z,0.05,223,no,7e01657b-71d3-7707-df5e-8cfe2dc0076a
KXJLEAGUEGAME-25NOV08SHOALB-ALB,2025-11-08T06:41:30.902462Z,0.05,223,no,b9a0ed26-0dcf-5963-19d4-42da5012f11a
KXJLEAGUEGAME-25NOV08SHOALB-ALB,2025-11-08T06:41:30.827505Z,0.04,20,no,4a35e387-deed-6aad-8f97-efbf37da734e
KXJLEAGUEGAME-25NOV08SHOALB-ALB,2025-11-08T06:41:28.745828Z,0.04,44,no,82534fea-31cd-50cd-e4f3-67c8a6244b1a
KXJLEAGUEGAME-25NOV08SHOALB-ALB,2025-11-08T06:41:14.129189Z,0.06,38,no,eb9fa49c-819a-6f80-fb92-7469f217b9fe
KXJLEAGUEGAME-25NOV08SHOALB-ALB,2025-11-08T06:41:14.129189Z,0.05,20,no,7ef94ae1-37da-6bd2-e267-8a960eb03619
KXJLEAGUEGAME-25NOV08SHOALB-ALB,2025-11-08T06:38:07.617153Z,0.29,21,no,b160407f-6eef-6ea5-0576-e3ab1ca031bd
KXJLEAGUEGAME-25NOV08SHOALB-ALB,2025-11-08T06:38:07.617153Z,0.28,4,no,7e32be1d-57a8-63a7-0aa1-fd461d91f6ac
KXJLEAGUEGAME-25NOV08SHOALB-ALB,2025-11-08T06:38:05.211983Z,0.29,25,no,c343957a-57eb-5be5-c186-c9eb786702d9
KXJLEAGUEGAME-25NOV08SHOALB-ALB,2025-11-08T06:33:24.521835Z,0.4,4,yes,b66bd415-c3d6-7aa5-f465-0180e3839add
KXJLEAGUEGAME-25NOV08SHOALB-ALB,2025-11-08T06:30:34.435079Z,0.43,44,yes,fa85998a-d963-4116-0fe0-a89ae1124e34
KXJLEAGUEGAME-25NOV08SHOALB-ALB,2025-11-08T06:30:34.435079Z,0.46,20,yes,a0a54508-1045-4e8e-36da-314019272964
KXJLEAGUEGAME-25NOV08SHOALB-ALB,2025-11-08T06:30:34.435079Z,0.42,44,yes,7ed98d47-d728-459a-1353-fd3c3cdaae1c
KXJLEAGUEGAME-25NOV08SHOALB-ALB,2025-11-08T06:30:34.435079Z,0.45,46,yes,6a7da6ce-a5d5-4f49-17c1-d3d410325ece
KXJLEAGUEGAME-25NOV08SHOALB-ALB,2025-11-08T06:30:34.435079Z,0.43,48,yes,0b84b6fc-42ad-468a-0bf6-7b750e61ce41
KXJLEAGUEGAME-25NOV08SHOALB-ALB,2025-11-08T06:29:42.688286Z,0.34,28,yes,f58b2fb7-9e24-45c3-7089-193f7fc04186
KXJLEAGUEGAME-25NOV08SHOALB-ALB,2025-11-08T06:29:42.688286Z,0.33,30,yes,a3feca5e-1de0-4a38-58d7-6cff7571a589
KXJLEAGUEGAME-25NOV08SHOALB-ALB,2025-11-08T06:29:42.688286Z,0.32,29,yes,9604159e-9521-4143-7455-f98ebc1b115d
KXJLEAGUEGAME-25NOV08SHOALB-ALB,2025-11-08T06:29:42.688286Z,0.33,28,yes,4be3fa0a-e142-4476-6f15-994524bab6fd
KXJLEAGUEGAME-25NOV08SHOALB-ALB,2025-11-08T06:29:42.688286Z,0.35,29,yes,4a03ecc9-3fc2-4055-76fb-6d884c124a63
KXJLEAGUEGAME-25NOV08SHOALB-ALB,2025-11-08T06:29:42.688286Z,0.57,12,yes,3d20de45-e3c2-49a1-583f-21734c0be311
KXJLEAGUEGAME-25NOV08SHOALB-ALB,2025-11-08T06:29:42.688286Z,0.92,46,yes,19cd3a1a-96c8-4ac2-5288-d8d60526c8a8
KXJLEAGUEGAME-25NOV08SHOALB-ALB,2025-11-08T06:28:55.638605Z,0.06,3,no,95264c46-1e03-4d17-fc83-ad75fe5f39c2
KXJLEAGUEGAME-25NOV08SHOALB-ALB,2025-11-08T06:25:54.75625Z,0.33,36,yes,f406cee6-c49f-4d47-d4dd-32f1a1bca62f
KXJLEAGUEGAME-25NOV08SHOALB-ALB,2025-11-08T06:25:54.75625Z,0.33,30,yes,c6fc4a34-9772-48e9-f971-60dfe61acbe1
KXJLEAGUEGAME-25NOV08SHOALB-ALB,2025-11-08T06:25:54.75625Z,0.94,2,yes,c40c9b56-d8b6-44dd-f0a4-5304ebad6d59
KXJLEAGUEGAME-25NOV08SHOALB-ALB,2025-11-08T06:25:54.75625Z,0.32,36,yes,b1a457d0-5a9e-4440-c0d3-7519f6cae6ee
KXJLEAGUEGAME-25NOV08SHOALB-ALB,2025-11-08T06:25:54.75625Z,0.35,36,yes,a1a6d819-a501-404c-d5f6-6db9ae09c8c2
KXJLEAGUEGAME-25NOV08SHOALB-ALB,2025-11-08T06:25:54.75625Z,0.34,36,yes,7e16bc85-0db0-48e5-d2d1-19a767d7a435
KXJLEAGUEGAME-25NOV08SHOALB-ALB,2025-11-08T06:25:54.75625Z,0.93,33,yes,42bd61b8-9a24-490d-da52-159dc0860d81
KXJLEAGUEGAME-25NOV08SHOALB-ALB,2025-11-08T06:18:37.607259Z,0.31,142,no,eca80c15-1a3b-620c-c967-6fb9160ce5bc
KXJLEAGUEGAME-25NOV08SHOALB-ALB,2025-11-08T06:18:37.607259Z,0.29,31,no,98add2a0-013a-63b2-eeb5-7f8d93e9ff2a
KXJLEAGUEGAME-25NOV08SHOALB-ALB,2025-11-08T06:18:37.607259Z,0.3,140,no,96a3c4e0-75eb-68b2-d4bf-405036c492fa
KXJLEAGUEGAME-25NOV08SHOALB-ALB,2025-11-08T06:18:37.607259Z,0.3,38,no,80417c48-909b-64c8-f8ca-144b11c35a51
KXJLEAGUEGAME-25NOV08SHOALB-ALB,2025-11-08T06:18:20.606175Z,0.46,20,yes,521927ac-6c57-5016-1e32-f4ee0c0d078d
KXJLEAGUEGAME-25NOV08SHOALB-ALB,2025-11-08T06:15:17.708643Z,0.35,14,yes,a134ff43-4c0d-693b-8246-229d15e81df7
KXJLEAGUEGAME-25NOV08SHOALB-ALB,2025-11-08T06:15:17.708643Z,0.34,30,yes,5215cdf3-2f21-6b74-af22-7ed23d6f000c
KXJLEAGUEGAME-25NOV08SHOALB-ALB,2025-11-08T06:13:35.788206Z,0.54,35,yes,7acfb7d8-4fc4-4941-8796-23d117b325c4
KXJLEAGUEGAME-25NOV08SHOALB-ALB,2025-11-08T06:11:44.746597Z,0.53,25,yes,81926c43-b297-7252-a421-4628e5ed477d
KXJLEAGUEGAME-25NOV08SHOALB-ALB,2025-11-08T06:11:21.494761Z,0.54,57,yes,829f2e46-70ae-757d-1cbf-40dc4442ae5e
KXJLEAGUEGAME-25NOV08SHOALB-ALB,2025-11-08T06:10:07.017296Z,0.53,9,yes,bd96b823-5f55-718b-8a48-63da68b86f29
KXJLEAGUEGAME-25NOV08SHOALB-ALB,2025-11-08T06:09:17.729317Z,0.53,27,yes,7b15b991-7f6c-7bd5-842b-32fc12a19e87
KXJLEAGUEGAME-25NOV08SHOALB-ALB,2025-11-08T06:07:38.808009Z,0.53,54,yes,e162b7c5-9547-60f7-7272-26c23507dd6c
KXJLEAGUEGAME-25NOV08SHOALB-ALB,2025-11-08T06:05:05.112406Z,0.4,12,yes,076b9cd9-8475-663c-04cc-1a974d3fa656
KXJLEAGUEGAME-25NOV08SHOALB-ALB,2025-11-08T05:56:24.378673Z,0.49,5,yes,9264630f-a0f6-7c71-401a-7a69025b40ef
KXJLEAGUEGAME-25NOV08SHOALB-ALB,2025-11-08T05:56:24.378673Z,0.49,48,yes,0bf895dd-4ece-7018-4549-d0c333b44d9c
KXJLEAGUEGAME-25NOV08SHOALB-ALB,2025-11-08T05:56:24.378673Z,0.5,141,yes,05520e71-34db-79ee-5dd2-c0cf939e4452
KXJLEAGUEGAME-25NOV08SHOALB-ALB,2025-11-08T05:56:02.867177Z,0.49,9,yes,31e04ae5-ade6-45c9-1789-5bcc1064d83b
KXJLEAGUEGAME-25NOV08SHOALB-ALB,2025-11-08T05:52:01.530302Z,0.48,40,yes,9b2632c8-7cd8-6ce8-7d4e-3e50997e6644
KXJLEAGUEGAME-25NOV08SHOALB-ALB,2025-11-08T05:50:46.040427Z,0.48,48,yes,57986420-b30e-56ec-ae72-6a9151ed4a6c
KXJLEAGUEGAME-25NOV08SHOALB-ALB,2025-11-08T05:50:46.040427Z,0.49,149,yes,5134a35c-2e1e-5a75-a1a8-9eeabad42bf7
KXJLEAGUEGAME-25NOV08SHOALB-ALB,2025-11-08T05:49:44.571577Z,0.48,48,yes,dba87b8d-a28a-5bed-fd74-808a8811269d
KXJLEAGUEGAME-25NOV08SHOALB-ALB,2025-11-08T05:49:44.571577Z,0.49,33,yes,240d7385-52c6-5f89-fdf5-259350085a7f
KXJLEAGUEGAME-25NOV08SHOALB-ALB,2025-11-08T05:47:50.99566Z,0.49,15,yes,62551032-5b98-625f-9513-9974a90408d4
KXJLEAGUEGAME-25NOV08SHOALB-ALB,2025-11-08T05:45:30.635659Z,0.31,14,no,d7debd5c-0ff8-6e22-1745-74b244ff67d5
KXJLEAGUEGAME-25NOV08SHOALB-ALB,2025-11-08T05:41:13.428318Z,0.49,9,yes,76aa50c9-b484-7eb3-851a-2827b2ae94e8
KXJLEAGUEGAME-25NOV08SHOALB-ALB,2025-11-08T05:37:48.342028Z,0.5,103,yes,c6efaec0-74ef-7d42-4fc2-aff0add69bae
KXJLEAGUEGAME-25NOV08SHOALB-ALB,2025-11-08T05:37:48.342028Z,0.49,48,yes,5f516646-16f0-7201-73e1-e8f0378f8adb
KXJLEAGUEGAME-25NOV08SHOALB-ALB,2025-11-08T05:28:35.278046Z,0.5,193,yes,139f8ac1-f213-49ca-4bb3-9a1c3f340486
KXJLEAGUEGAME-25NOV08SHOALB-ALB,2025-11-08T05:27:02.744082Z,0.3,4,no,13844735-af47-78c6-07ea-efdc32f85ccc
KXJLEAGUEGAME-25NOV08SHOALB-ALB,2025-11-08T05:21:02.625564Z,0.5,19,yes,1b804c2f-73bb-76a2-1757-ce109a4ec696
