ticker,created_time,price,count,taker_side,trade_id
KXJLEAGUEGAME-25NOV09GAMVIK-GAM,2025-11-09T08:02:46.298764Z,0.01,187,yes,3ca4d0b4-af4a-4edd-f88b-fae70cc00759
KXJLEAGUEGAME-25NOV09GAMVIK-GAM,2025-11-09T08:02:08.430482Z,0.01,46,yes,ed54675d-f54e-78c1-0dda-33e6d2f3ce4d
KXJLEAGUEGAME-25NOV09GAMVIK-GAM,2025-11-09T08:01:05.267015Z,0.04,20,yes,804c36bd-f0c2-6ee3-6783-c69a4166b17b
KXJLEAGUEGAME-25NOV09GAMVIK-GAM,2025-11-09T08:01:05.267015Z,0.09,1,yes,5c233042-025a-68d4-43d8-bccb6643eed9
KXJLEAGUEGAME-25NOV09GAMVIK-GAM,2025-11-09T08:00:28.633942Z,0.01,33,no,ba4b4e3a-fab9-4aef-ccb0-f32ba4b4be17
KXJLEAGUEGAME-25NOV09GAMVIK-GAM,2025-11-09T08:00:28.633942Z,0.01,78,no,1d38b3b3-8045-40ac-ccee-ec9beae6ff6c
KXJLEAGUEGAME-25NOV09GAMVIK-GAM,2025-11-09T08:00:28.62816Z,0.01,40,no,e49b49e5-aa41-5618-541d-848f9ae17524
KXJLEAGUEGAME-25NOV09GAMVIK-GAM,2025-11-09T08:00:28.62816Z,0.01,10,no,7607d969-15d1-5e13-75ff-2b850a584063
KXJLEAGUEGAME-25NOV09GAMVIK-GAM,2025-11-09T08:00:21.118214Z,0.01,2,no,a9b8fd36-be9d-49f4-2f18-4951f922929c
KXJLEAGUEGAME-25NOV09GAMVIK-GAM,2025-11-09T08:00:20.38623Z,0.06,215,yes,ec0a6ca0-eef2-6753-2f4c-332f68a9d5b7
KXJLEAGUEGAME-25NOV09GAMVIK-GAM,2025-11-09T08:00:20.38623Z,0.04,263,yes,3a6ea0da-e42e-6ca2-1042-2b6d0c958921
KXJLEAGUEGAME-25NOV09GAMVIK-GAM,2025-11-09T08:00:17.846015Z,0.04,117,yes,2fd7e959-2a98-5715-c3a4-8dd128526e0f
KXJLEAGUEGAME-25NOV09GAMVIK-GAM,2025-11-09T08:00:12.820677Z,0.04,234,yes,87b3dcad-bf04-50d6-42b1-b1f70632e24f
KXJLEAGUEGAME-25NOV09GAMVIK-GAM,2025-11-09T08:00:10.32445Z,0.04,23,yes,3c1fe4b1-6504-6fbe-8902-f36f352b35d7
KXJLEAGUEGAME-25NOV09GAMVIK-GAM,2025-11-09T07:59:04.627206Z,0.01,50,no,37477a22-2179-7cec-a83f-5e3e12620730
KXJLEAGUEGAME-25NOV09GAMVIK-GAM,2025-11-09T07:59:04.605366Z,0.01,50,no,a0b10662-617d-6760-f782-53f5b1049000
KXJLEAGUEGAME-25NOV09GAMVIK-GAM,2025-11-09T07:59:04.566569Z,0.01,46,no,37db91f9-caa1-5770-f763-454699b7eba0
KXJLEAGUEGAME-25NOV09GAMVIK-GAM,2025-11-09T07:59:04.564149Z,0.01,50,no,fd0a34d9-284d-6f74-23a8-7a1155f48e98
KXJLEAGUEGAME-25NOV09GAMVIK-GAM,2025-11-09T07:59:04.562248Z,0.01,50,no,8dd5ae74-2951-762c-7adf-a85c803555e0
KXJLEAGUEGAME-25NOV09GAMVIK-GAM,2025-11-09T07:59:02.977711Z,0.01,2,no,bc9b11d4-8f89-7640-6f49-ee6c9158fec4
KXJLEAGUEGAME-25NOV09GAMVIK-GAM,2025-11-09T07:58:40.39988Z,0.15,27,yes,74c8c5f2-ddfd-43a0-e89d-9c8e7cba7cdb
KXJLEAGUEGAME-25NOV09GAMVIK-GAM,2025-11-09T07:58:27.881861Z,0.17,9,yes,7f526269-9799-7fac-069b-5cddb73a95b3
KXJLEAGUEGAME-25NOV09GAMVIK-GAM,2025-11-09T07:58:25.441056Z,0.17,1,yes,a8ec1d35-4a51-49d0-d366-945e4308f033
KXJLEAGUEGAME-25NOV09GAMVIK-GAM,2025-11-09T07:58:17.815078Z,0.01,137,no,b3c4b052-3ba5-5470-09f1-3c014611c644
KXJLEAGUEGAME-25NOV09GAMVIK-GAM,2025-11-09T07:58:15.892947Z,0.01,12,no,411c3227-0741-4984-8fa8-5bf951c6b188
KXJLEAGUEGAME-25NOV09GAMVIK-GAM,2025-11-09T07:58:15.876337Z,0.01,50,no,3a733e21-d001-705c-956e-4ce7e8bb7a04
KXJLEAGUEGAME-25NOV09GAMVIK-GAM,2025-11-09T07:58:11.694507Z,0.18,1,yes,d8e829e8-bcb5-4688-79ed-885c427aa2f2
KXJLEAGUEGAME-25NOV09GAMVIK-GAM,2025-11-09T07:58:04.789789Z,0.09,79,yes,e3ac445f-9439-52a8-7fe1-f3e28a00244a
KXJLEAGUEGAME-25NOV09GAMVIK-GAM,2025-11-09T07:58:04.789789Z,0.08,26,yes,9dafddc7-cee6-57ce-5e42-539ffd04deb6
KXJLEAGUEGAME-25NOV09GAMVIK-GAM,2025-11-09T07:58:04.789789Z,0.07,138,yes,7e7724b2-3c52-5330-5469-b37ea4460ed8
KXJLEAGUEGAME-25NOV09GAMVIK-GAM,2025-11-09T07:58:04.789789Z,0.08,116,yes,629f1432-db73-5848-526c-551b317901ef
KXJLEAGUEGAME-25NOV09GAMVIK-GAM,2025-11-09T07:57:49.387799Z,0.09,10,yes,0f90a28a-c1c5-4e14-77a2-6afb08d6735e
KXJLEAGUEGAME-25NOV09GAMVIK-GAM,2025-11-09T07:57:48.744637Z,0.01,4,no,cc8bd24d-ce19-5e8c-dd1d-ead6358d38a8
KXJLEAGUEGAME-25NOV09GAMVIK-GAM,2025-11-09T07:57:48.737111Z,0.01,7,no,f1da5225-8001-73e8-9832-be80b0f13d8c
KXJLEAGUEGAME-25NOV09GAMVIK-GAM,2025-11-09T07:57:45.904694Z,0.02,21,no,31091b4d-e6ad-5292-e33b-c642476acc85
KXJLEAGUEGAME-25NOV09GAMVIK-GAM,2025-11-09T07:57:31.196189Z,0.02,12,no,b31f3db5-8d39-598e-dd33-dab01e26ce5d
KXJLEAGUEGAME-25NOV09GAMVIK-GAM,2025-11-09T07:57:28.809292Z,0.03,10,no,c3e52ace-d191-7118-18f4-e7efde28cee8
KXJLEAGUEGAME-25NOV09GAMVIK-GAM,2025-11-09T07:55:57.940184Z,0.17,174,yes,f41afa5b-5afc-7d24-1001-da5df2de5b68
KXJLEAGUEGAME-25NOV09GAMVIK-GAM,2025-11-09T07:55:57.940184Z,0.18,98,yes,b14855c3-2c9c-725a-1c26-a7ccec5f6bf9
KXJLEAGUEGAME-25NOV09GAMVIK-GAM,2025-11-09T07:55:48.946596Z,0.02,17,no,da5cb237-b825-44fe-232f-081e081b8e51
KXJLEAGUEGAME-25NOV09GAMVIK-GAM,2025-11-09T07:55:20.518506Z,0.24,1,yes,587f1ef1-65dd-53c5-31ed-b3bc180846f1
KXJLEAGUEGAME-25NOV09GAMVIK-GAM,2025-11-09T07:53:54.499855Z,0.02,249,no,5d0bef36-367f-7d2d-fe6d-93a7ee5aa8bb
KXJLEAGUEGAME-25NOV09GAMVIK-GAM,2025-11-09T07:53:28.684828Z,0.39,40,yes,35022751-ed70-6734-99da-4649a6310a77
KXJLEAGUEGAME-25NOV09GAMVIK-GAM,2025-11-09T07:53:15.952482Z,0.4,2,yes,3cb65cb0-5c14-668a-ec21-7ccd07bd62e4
KXJLEAGUEGAME-25NOV09GAMVIK-GAM,2025-11-09T07:52:54.510556Z,0.48,20,yes,cb3cc359-3e75-60f1-d59c-272a39341469
KXJLEAGUEGAME-25NOV09GAMVIK-GAM,2025-11-09T07:52:46.94515Z,0.47,30,yes,be7d46f4-b971-5660-d780-74e641d052b5
KXJLEAGUEGAME-25NOV09GAMVIK-GAM,2025-11-09T07:52:39.07011Z,0.47,43,yes,d3f3ceac-eb46-4da0-f32b-db150e84c6e6
KXJLEAGUEGAME-25NOV09GAMVIK-GAM,2025-11-09T07:52:39.07011Z,0.25,110,yes,cfe99635-b290-424d-cd13-4c12ba65376e
KXJLEAGUEGAME-25NOV09GAMVIK-GAM,2025-11-09T07:52:34.067743Z,0.25,4,yes,3ba877b2-c754-4fa1-95ae-fb195f7e884a
KXJLEAGUEGAME-25NOV09GAMVIK-GAM,2025-11-09T07:52:03.695521Z,0.05,64,no,91192222-7a39-65c6-ac7c-39d408c02fe9
KXJLEAGUEGAME-25NOV09GAMVIK-GAM,2025-11-09T07:51:50.660781Z,0.02,4,no,9a363987-c8a5-6fb5-81d3-cab77e73bcd9
KXJLEAGUEGAME-25NOV09GAMVIK-GAM,2025-11-09T07:51:45.202238Z,0.02,59,no,86e19afe-ee51-7565-9030-5f84180639ad
KXJLEAGUEGAME-25NOV09GAMVIK-GAM,2025-11-09T07:51:08.836778Z,0.03,1,no,4fb94a6d-40ec-6c21-afdf-cae8263a41c9
KXJLEAGUEGAME-25NOV09GAMVIK-GAM,2025-11-09T07:51:07.466158Z,0.03,93,no,bdfa790d-a166-5b42-412f-d3f549d66d14
KXJLEAGUEGAME-25NOV09GAMVIK-GAM,2025-11-09T07:51:07.466158Z,0.02,93,no,428700cb-a8d1-5537-6dfb-7e193654bcd4
KXJLEAGUEGAME-25NOV09GAMVIK-GAM,2025-11-09T07:51:07.466158Z,0.02,27,no,107399ce-229b-5c2a-58a4-7770bdfef1d2
KXJLEAGUEGAME-25NOV09GAMVIK-GAM,2025-11-09T07:51:02.650028Z,0.04,46,no,b34e1097-388a-5fad-007b-e54d766683d1
KXJLEAGUEGAME-25NOV09GAMVIK-GAM,2025-11-09T07:51:02.650028Z,0.03,164,no,979da52d-db92-5a20-04d2-6f12a4d3fb55
KXJLEAGUEGAME-25NOV09GAMVIK-GAM,2025-11-09T07:51:02.650028Z,0.02,111,no,91286edf-88a3-5cb6-0d5f-754ffaac3787
KXJLEAGUEGAME-25NOV09GAMVIK-GAM,2025-11-09T07:51:02.650028Z,0.03,113,no,4443d08d-086a-56fc-17af-7fce73a7590e
KXJLEAGUEGAME-25NOV09GAMVIK-GAM,2025-11-09T07:51:02.650028Z,0.02,130,no,3acc3cc1-cca4-5253-1642-a467352faca4
KXJLEAGUEGAME-25NOV09GAMVIK-GAM,2025-11-09T07:51:02.650028Z,0.02,200,no,2dc2a483-57d3-57f9-354e-8b93116d4da6
KXJLEAGUEGAME-25NOV09GAMVIK-GAM,2025-11-09T07:51:02.650028Z,0.03,164,no,286b76d7-92ac-5221-3092-954e029467c9
KXJLEAGUEGAME-25NOV09GAMVIK-GAM,2025-11-09T07:50:42.277637Z,0.1,40,no,a4ccd2c1-213a-6101-1069-8346d674bbae
KXJLEAGUEGAME-25NOV09GAMVIK-GAM,2025-11-09T07:50:42.277637Z,0.07,71,no,310549bc-3f67-6e50-07db-3564a848ae24
KXJLEAGUEGAME-25NOV09GAMVIK-GAM,2025-11-09T07:50:38.970338Z,0.1,13,no,23adaacb-cbb7-716b-da01-8d26462c9e37
KXJLEAGUEGAME-25NOV09GAMVIK-GAM,2025-11-09T07:50:33.710757Z,0.05,155,no,eaba805d-134c-70d6-0f38-ee8f0fa401d1
KXJLEAGUEGAME-25NOV09GAMVIK-GAM,2025-11-09T07:50:33.710757Z,0.37,66,no,a6b58399-ce42-7b38-343e-e40d443a08f5
KXJLEAGUEGAME-25NOV09GAMVIK-GAM,2025-11-09T07:50:33.710757Z,0.04,183,no,1e9e4ccf-6599-77d8-3a15-131412822b3b
KXJLEAGUEGAME-25NOV09GAMVIK-GAM,2025-11-09T07:50:33.710757Z,0.04,4,no,018569c4-5d76-7d81-26d4-9b1ed15634d5
KXJLEAGUEGAME-25NOV09GAMVIK-GAM,2025-11-09T07:50:31.13205Z,0.6,25,no,d3391b36-afc2-53ba-dc24-792e5009e829
KXJLEAGUEGAME-25NOV09GAMVIK-GAM,2025-11-09T07:50:31.13205Z,0.51,46,no,c190fae5-5f20-5df6-dcb1-2083e6642ffe
KXJLEAGUEGAME-25NOV09GAMVIK-GAM,2025-11-09T07:50:26.131036Z,0.52,37,no,9e8f7a2b-19d4-7c80-2549-cee31696b89a
KXJLEAGUEGAME-25NOV09GAMVIK-GAM,2025-11-09T07:50:25.853339Z,0.52,25,no,0ebe148a-3478-535c-9997-a44997dc1f42
KXJLEAGUEGAME-25NOV09GAMVIK-GAM,2025-11-09T07:50:25.424466Z,0.52,32,no,c3849337-0e86-5d90-ff9e-2014395d0516
KXJLEAGUEGAME-25NOV09GAMVIK-GAM,2025-11-09T07:50:19.928583Z,0.79,27,no,3a15d8c9-040d-7a09-35aa-2e766582a29e
KXJLEAGUEGAME-25NOV09GAMVIK-GAM,2025-11-09T07:50:16.996098Z,0.79,25,no,8d7c3df5-9c1b-7808-a568-68ba0a2a760c
KXJLEAGUEGAME-25NOV09GAMVIK-GAM,2025-11-09T07:50:05.879597Z,0.75,20,no,feb47a17-02f8-6a48-0cc9-e43bd90c031f
KXJLEAGUEGAME-25NOV09GAMVIK-GAM,2025-11-09T07:50:05.879597Z,0.79,38,no,f1d6de56-d205-6d3b-0a2e-1bd1129068a3
KXJLEAGUEGAME-25NOV09GAMVIK-GAM,2025-11-09T07:50:05.879597Z,0.75,9,no,b80e0975-4425-6cb1-0b0a-1659599468ab
KXJLEAGUEGAME-25NOV09GAMVIK-GAM,2025-11-09T07:50:05.879597Z,0.52,97,no,64b2f5cb-0e1d-6450-15ea-4d062fe014ab
KXJLEAGUEGAME-25NOV09GAMVIK-GAM,2025-11-09T07:50:05.879597Z,0.79,50,no,1a7be505-7cf8-6494-3b0f-a619eb322a52
KXJLEAGUEGAME-25NOV09GAMVIK-GAM,2025-11-09T07:50:05.879597Z,0.62,41,no,13381ad8-12ba-63ce-2ca6-7f47c33cabdc
KXJLEAGUEGAME-25NOV09GAMVIK-GAM,2025-11-09T07:50:05.879597Z,0.57,127,no,112aadf1-55ae-6df5-1a08-75e090286b36
KXJLEAGUEGAME-25NOV09GAMVIK-GAM,2025-11-09T07:49:43.63028Z,0.79,38,no,dc299999-fc9b-7d04-2411-01e49806a72e
KXJLEAGUEGAME-25NOV09GAMVIK-GAM,2025-11-09T07:49:43.63028Z,0.79,25,no,be4253ae-71c0-73ce-1052-0952ac9247d2
KXJLEAGUEGAME-25NOV09GAMVIK-GAM,2025-11-09T07:49:43.63028Z,0.76,65,no,3fdf3588-5603-7e0f-0dc1-daf3276bd428
KXJLEAGUEGAME-25NOV09GAMVIK-GAM,2025-11-09T07:49:30.495064Z,0.93,19,yes,b158ea24-282c-681e-a6d6-6de6de1427c1
KXJLEAGUEGAME-25NOV09GAMVIK-GAM,2025-11-09T07:49:11.312462Z,0.93,50,yes,f8853e22-ba16-5637-bb3c-9ac9fb014a73
KXJLEAGUEGAME-25NOV09GAMVIK-GAM,2025-11-09T07:49:11.312462Z,0.94,564,yes,d59506ff-3db7-5493-83f9-e6ff7ea6d04f
KXJLEAGUEGAME-25NOV09GAMVIK-GAM,2025-11-09T07:49:11.312462Z,0.93,25,yes,c0f19124-b5a5-57ad-997e-03ee83e5af57
KXJLEAGUEGAME-25NOV09GAMVIK-GAM,2025-11-09T07:49:11.312462Z,0.94,95,yes,2d7217b2-fdbf-5549-a9d7-4a64ae2f93db
KXJLEAGUEGAME-25NOV09GAMVIK-GAM,2025-11-09T07:48:58.168289Z,0.94,8,yes,a95aa22d-f493-51e3-2a9f-02be9e0eebaf
KXJLEAGUEGAME-25NOV09GAMVIK-GAM,2025-11-09T07:48:41.268145Z,0.92,16,no,ffd7906a-2cf6-6999-e5a4-fe11464f8e83
KXJLEAGUEGAME-25NOV09GAMVIK-GAM,2025-11-09T07:48:41.268145Z,0.87,9,no,e53c565a-26af-654b-c9a5-5ab683abac5a
KXJLEAGUEGAME-25NOV09GAMVIK-GAM,2025-11-09T07:48:38.192967Z,0.92,25,no,8ab5c7a8-334e-6061-82d1-a0ee6d88eef7
KXJLEAGUEGAME-25NOV09GAMVIK-GAM,2025-11-09T07:48:35.96391Z,0.94,5,yes,63aa9552-faef-4473-25f9-dcf847febe4b
KXJLEAGUEGAME-25NOV09GAMVIK-GAM,2025-11-09T07:48:34.044575Z,0.94,13,yes,cec52447-72fb-5257-f47a-9f6ddc866483
KXJLEAGUEGAME-25NOV09GAMVIK-GAM,2025-11-09T07:48:03.742Z,0.93,127,yes,dcbd6946-0706-58eb-1b5a-a73520c4f6af
KXJLEAGUEGAME-25NOV09GAMVIK-GAM,2025-11-09T07:48:03.742Z,0.93,61,yes,9402419a-fd28-5cd2-1af3-d3685f0bebe1
KXJLEAGUEGAME-25NOV09GAMVIK-GAM,2025-11-09T07:48:03.742Z,0.92,25,yes,465a4b33-974d-52b6-3386-b984ba4a1148
KXJLEAGUEGAME-25NOV09GAMVIK-GAM,2025-11-09T07:48:00.579092Z,0.91,109,yes,b7bdf4c5-da5e-5c37-770b-e4cc7d3204b3
KXJLEAGUEGAME-25NOV09GAMVIK-GAM,2025-11-09T07:47:59.387664Z,0.9,44,yes,10a8f6b4-7327-6b2f-c434-a719ad694867
KXJLEAGUEGAME-25NOV09GAMVIK-GAM,2025-11-09T07:47:59.274822Z,0.9,13,yes,3cf3ba00-b3eb-565a-4de3-ae130738256a
KXJLEAGUEGAME-25NOV09GAMVIK-GAM,2025-11-09T07:47:34.191003Z,0.91,102,yes,4b8860d7-8f34-4727-8f23-0eb331bafae0
KXJLEAGUEGAME-25NOV09GAMVIK-GAM,2025-11-09T07:47:34.191003Z,0.9,48,yes,438057c5-2fba-490a-943e-511192dd7a14
KXJLEAGUEGAME-25NOV09GAMVIK-GAM,2025-11-09T07:47:34.191003Z,0.9,21,yes,13065d73-4204-4eb9-a8a9-cb7086e7a055
KXJLEAGUEGAME-25NOV09GAMVIK-GAM,2025-11-09T07:47:26.148376Z,0.9,4,yes,8c6bd808-159c-5ffd-9408-d644c109655d
KXJLEAGUEGAME-25NOV09GAMVIK-GAM,2025-11-09T07:47:25.225488Z,0.9,1,yes,d8cd1fb4-c330-6e5d-78fd-4a1dda513c18
KXJLEAGUEGAME-25NOV09GAMVIK-GAM,2025-11-09T07:47:20.00908Z,0.78,25,no,a7e7c481-9669-4cee-d5d4-13dc63f3a6e0
KXJLEAGUEGAME-25NOV09GAMVIK-GAM,2025-11-09T07:47:20.00908Z,0.76,692,no,90d863bc-3066-4680-c764-ee762a033a41
KXJLEAGUEGAME-25NOV09GAMVIK-GAM,2025-11-09T07:47:06.828928Z,0.76,10,no,a920c700-cf56-7a54-a290-76e27319aaed
KXJLEAGUEGAME-25NOV09GAMVIK-GAM,2025-11-09T07:46:59.418827Z,0.91,61,yes,8b871570-6b76-6906-fd37-5bd6086e5316
KXJLEAGUEGAME-25NOV09GAMVIK-GAM,2025-11-09T07:46:59.418827Z,0.89,50,yes,858f06e5-ef45-6396-c6a5-2ecbb7724851
KXJLEAGUEGAME-25NOV09GAMVIK-GAM,2025-11-09T07:46:57.853536Z,0.91,92,yes,f3e6fa4c-7f5f-5050-0779-1b1a3e6d1b3d
KXJLEAGUEGAME-25NOV09GAMVIK-GAM,2025-11-09T07:46:57.853536Z,0.89,40,yes,515b3883-439e-5fae-0684-661e8799eb6a
KXJLEAGUEGAME-25NOV09GAMVIK-GAM,2025-11-09T07:46:53.758537Z,0.89,10,yes,48744027-cc66-7d56-feda-947c8668c2d6
KXJLEAGUEGAME-25NOV09GAMVIK-GAM,2025-11-09T07:46:48.528913Z,0.9,75,yes,e92bde39-1263-4ff8-e2a6-48e490100a14
KXJLEAGUEGAME-25NOV09GAMVIK-GAM,2025-11-09T07:46:46.964495Z,0.79,22,no,46ce0fb4-eb4c-41f8-fb26-f38305654025
KXJLEAGUEGAME-25NOV09GAMVIK-GAM,2025-11-09T07:46:46.964495Z,0.79,28,no,1fe75d66-71d0-4839-cb9a-afddbf82f8ee
KXJLEAGUEGAME-25NOV09GAMVIK-GAM,2025-11-09T07:46:46.215265Z,0.9,11,yes,e3c836e2-b606-6685-6865-eab0970368f2
KXJLEAGUEGAME-25NOV09GAMVIK-GAM,2025-11-09T07:46:44.911005Z,0.9,85,yes,9daa072c-64a4-7271-7877-421b48c32aff
KXJLEAGUEGAME-25NOV09GAMVIK-GAM,2025-11-09T07:46:44.911005Z,0.91,134,yes,433c6144-ab23-72c2-5c27-0adc7d482075
KXJLEAGUEGAME-25NOV09GAMVIK-GAM,2025-11-09T07:46:44.393154Z,0.79,3,no,ee495064-d5ac-7abc-dadc-edca5c0a2451
KXJLEAGUEGAME-25NOV09GAMVIK-GAM,2025-11-09T07:46:43.869959Z,0.9,55,yes,2ac01c55-a914-6245-76c3-83d6f30fc25f
KXJLEAGUEGAME-25NOV09GAMVIK-GAM,2025-11-09T07:46:31.999677Z,0.84,182,yes,41dfb6c5-c70e-6c85-30e1-d2b2c87ff477
KXJLEAGUEGAME-25NOV09GAMVIK-GAM,2025-11-09T07:46:31.999677Z,0.85,81,yes,0a6c0e1b-658a-660c-16e6-c59b3cc2e5fc
KXJLEAGUEGAME-25NOV09GAMVIK-GAM,2025-11-09T07:46:31.999677Z,0.85,30,yes,09b12502-a0e9-6304-2acc-fdb9634e74ec
KXJLEAGUEGAME-25NOV09GAMVIK-GAM,2025-11-09T07:46:16.348089Z,0.78,86,no,cbdbbcd9-70af-7019-5661-f0ab931d267d
KXJLEAGUEGAME-25NOV09GAMVIK-GAM,2025-11-09T07:46:16.348089Z,0.77,38,no,96dce7ff-ad44-7d61-58b4-3f2825c99e72
KXJLEAGUEGAME-25NOV09GAMVIK-GAM,2025-11-09T07:46:16.348089Z,0.76,20,no,829be4b8-01e3-7b91-6145-a409a426b90a
KXJLEAGUEGAME-25NOV09GAMVIK-GAM,2025-11-09T07:46:16.348089Z,0.77,263,no,3c41251b-ea9a-7c18-6445-c663b9df1eb3
KXJLEAGUEGAME-25NOV09GAMVIK-GAM,2025-11-09T07:46:14.479129Z,0.89,50,yes,d34f3d18-ba44-5f89-ce88-0a1a5c34d6f7
KXJLEAGUEGAME-25NOV09GAMVIK-GAM,2025-11-09T07:46:14.479129Z,0.9,358,yes,8de81b3a-13c0-57d9-f337-f8aad0b0aa6f
KXJLEAGUEGAME-25NOV09GAMVIK-GAM,2025-11-09T07:46:09.216533Z,0.78,41,no,31411e40-48d7-4d85-8ecb-fd89f7d03a45
KXJLEAGUEGAME-25NOV09GAMVIK-GAM,2025-11-09T07:45:59.091166Z,0.89,7,yes,098fe32a-c3b6-6765-c914-9b4ef2969e2d
KXJLEAGUEGAME-25NOV09GAMVIK-GAM,2025-11-09T07:45:37.471578Z,0.89,50,yes,a08e9612-e6eb-4917-bcdc-a4de7643be0e
KXJLEAGUEGAME-25NOV09GAMVIK-GAM,2025-11-09T07:45:37.471578Z,0.91,60,yes,1b42cf44-9de1-4115-be27-697752bf2635
KXJLEAGUEGAME-25NOV09GAMVIK-GAM,2025-11-09T07:45:13.930297Z,0.93,5,yes,6cc0db85-1750-67de-cd12-d325f116cb3a
KXJLEAGUEGAME-25NOV09GAMVIK-GAM,2025-11-09T07:44:53.05554Z,0.81,30,yes,f596bee4-7b6b-7b03-c435-d778add2cb48
KXJLEAGUEGAME-25NOV09GAMVIK-GAM,2025-11-09T07:44:53.05554Z,0.83,121,yes,9292f6c2-15d0-7074-ca6d-7b6911d805d4
KXJLEAGUEGAME-25NOV09GAMVIK-GAM,2025-11-09T07:44:53.05554Z,0.82,127,yes,913c8f3d-8575-730d-d4d9-b5ea6eeac8c4
KXJLEAGUEGAME-25NOV09GAMVIK-GAM,2025-11-09T07:44:53.05554Z,0.82,121,yes,72e65322-9a62-73db-cc75-6ec75613aa55
KXJLEAGUEGAME-25NOV09GAMVIK-GAM,2025-11-09T07:44:53.05554Z,0.8,121,yes,5dd11c51-2f44-7111-f9dc-95f8d46dd1b7
KXJLEAGUEGAME-25NOV09GAMVIK-GAM,2025-11-09T07:44:53.05554Z,0.85,51,yes,50f8f107-e4b3-7c26-f8a0-a7ef7cf84f08
KXJLEAGUEGAME-25NOV09GAMVIK-GAM,2025-11-09T07:44:53.05554Z,0.81,121,yes,391fe213-cb65-705d-c3ab-bcc15d453616
KXJLEAGUEGAME-25NOV09GAMVIK-GAM,2025-11-09T07:44:53.05554Z,0.84,121,yes,28afaf78-7e61-7c31-daf4-9a5ba7fa75e8
KXJLEAGUEGAME-25NOV09GAMVIK-GAM,2025-11-09T07:44:45.989241Z,0.75,23,no,60f0da11-0f9b-789d-928b-70473a5b4771
KXJLEAGUEGAME-25NOV09GAMVIK-GAM,2025-11-09T07:44:03.012937Z,0.93,10,yes,d38412ca-1f84-7f2a-2a18-c5d4c64f81d2
KXJLEAGUEGAME-25NOV09GAMVIK-GAM,2025-11-09T07:43:55.256261Z,0.88,50,yes,f8c93862-35ca-7060-d0b2-a6d1e696303d
KXJLEAGUEGAME-25NOV09GAMVIK-GAM,2025-11-09T07:43:55.256261Z,0.88,48,yes,ecf70c5a-fd98-735b-f1f1-fbc633e3b09e
KXJLEAGUEGAME-25NOV09GAMVIK-GAM,2025-11-09T07:43:55.256261Z,0.92,24,yes,639a1c4e-56ff-7c6e-da33-c0ea2e7bc47f
KXJLEAGUEGAME-25NOV09GAMVIK-GAM,2025-11-09T07:43:55.256261Z,0.91,127,yes,572c554c-2252-7046-d0f1-cd007b56195d
KXJLEAGUEGAME-25NOV09GAMVIK-GAM,2025-11-09T07:43:55.256261Z,0.9,20,yes,3a16b976-ade5-7161-c37d-0b6acf4b8152
KXJLEAGUEGAME-25NOV09GAMVIK-GAM,2025-11-09T07:43:55.256261Z,0.89,50,yes,00e55971-e2f5-71b9-cd9f-83e6252f131f
KXJLEAGUEGAME-25NOV09GAMVIK-GAM,2025-11-09T07:43:54.170702Z,0.75,6,no,7bc78e28-dc15-667c-d1f5-5fe3d3a47edc
KXJLEAGUEGAME-25NOV09GAMVIK-GAM,2025-11-09T07:43:54.170702Z,0.75,25,no,281917a2-cee5-6d2d-ecfb-771e0bbb2213
KXJLEAGUEGAME-25NOV09GAMVIK-GAM,2025-11-09T07:43:16.096875Z,0.74,47,no,4e40ac94-ade7-78dc-8af1-f8f0b5c111b4
KXJLEAGUEGAME-25NOV09GAMVIK-GAM,2025-11-09T07:43:08.396778Z,0.78,30,no,474505c6-a1ba-4571-4d64-7feb34b0db7d
KXJLEAGUEGAME-25NOV09GAMVIK-GAM,2025-11-09T07:43:04.617027Z,0.82,88,yes,dd8bfa7f-cf64-5a3d-cdbf-6e553e2fa55f
KXJLEAGUEGAME-25NOV09GAMVIK-GAM,2025-11-09T07:43:02.07327Z,0.84,30,yes,763d10a6-3d38-61bd-be9a-f2dab3152fd1
KXJLEAGUEGAME-25NOV09GAMVIK-GAM,2025-11-09T07:43:02.07327Z,0.83,208,yes,684a9353-0026-67cf-a15b-7ff449724d61
KXJLEAGUEGAME-25NOV09GAMVIK-GAM,2025-11-09T07:43:02.07327Z,0.84,11,yes,4caf9158-538b-648c-88f2-6ca80386c4e9
KXJLEAGUEGAME-25NOV09GAMVIK-GAM,2025-11-09T07:42:58.378542Z,0.85,5,yes,fdeb3894-b978-745f-7ef3-0e18bc55edb8
KXJLEAGUEGAME-25NOV09GAMVIK-GAM,2025-11-09T07:42:49.739366Z,0.92,40,yes,df76e586-c2a3-4622-d7bd-20ddde4ca7e2
KXJLEAGUEGAME-25NOV09GAMVIK-GAM,2025-11-09T07:42:49.739366Z,0.88,50,yes,26a6c5f8-2819-4125-d697-f17984b82e9f
KXJLEAGUEGAME-25NOV09GAMVIK-GAM,2025-11-09T07:42:49.739366Z,0.9,1,yes,222fb90f-8793-4a0b-c57b-ac5c1055683b
KXJLEAGUEGAME-25NOV09GAMVIK-GAM,2025-11-09T07:42:41.513639Z,0.73,274,no,0edb4022-2427-4c74-6ece-47d6dc7c973e
KXJLEAGUEGAME-25NOV09GAMVIK-GAM,2025-11-09T07:42:39.247885Z,0.9,42,yes,d1688a9a-541f-4f9f-c72f-a570275ba5c8
KXJLEAGUEGAME-25NOV09GAMVIK-GAM,2025-11-09T07:42:39.247885Z,0.9,29,yes,6c1b6611-2b9f-4dd7-d83f-fabb8c06fa83
KXJLEAGUEGAME-25NOV09GAMVIK-GAM,2025-11-09T07:42:38.401042Z,0.73,50,no,5bd94436-443f-7c74-ea71-56f07d876f0e
KXJLEAGUEGAME-25NOV09GAMVIK-GAM,2025-11-09T07:42:38.038142Z,0.73,7,no,924c8008-14eb-664c-b9af-b5785520c13a
KXJLEAGUEGAME-25NOV09GAMVIK-GAM,2025-11-09T07:42:20.329363Z,0.82,46,yes,c3fe13d7-bec5-67d3-5731-1a1ee26ddf80
KXJLEAGUEGAME-25NOV09GAMVIK-GAM,2025-11-09T07:42:20.329363Z,0.81,226,yes,760b5e66-c39f-6457-79db-c3e21a075d2e
KXJLEAGUEGAME-25NOV09GAMVIK-GAM,2025-11-09T07:42:20.329363Z,0.82,30,yes,194854db-96c4-660f-4fda-b81af63ef6ca
KXJLEAGUEGAME-25NOV09GAMVIK-GAM,2025-11-09T07:42:15.449999Z,0.75,114,yes,713715e5-d9ce-7b3c-7818-6f82d39c3dbc
KXJLEAGUEGAME-25NOV09GAMVIK-GAM,2025-11-09T07:42:14.293203Z,0.75,9,yes,44939b3e-cf06-724c-bfe2-7610b5ba507c
KXJLEAGUEGAME-25NOV09GAMVIK-GAM,2025-11-09T07:42:13.817183Z,0.75,25,no,0c58415d-0265-4b5f-c232-1a769d7c2173
KXJLEAGUEGAME-25NOV09GAMVIK-GAM,2025-11-09T07:42:13.048193Z,0.82,30,yes,2f9fb1f9-8a23-75e0-471b-dc14f53fa164
KXJLEAGUEGAME-25NOV09GAMVIK-GAM,2025-11-09T07:42:12.880931Z,0.82,263,yes,d40832ae-08ef-64c1-fcf5-6bd2d4e2a652
KXJLEAGUEGAME-25NOV09GAMVIK-GAM,2025-11-09T07:42:12.880931Z,0.83,119,yes,410e13a3-9632-698d-e2c1-93881f9fe021
KXJLEAGUEGAME-25NOV09GAMVIK-GAM,2025-11-09T07:42:08.770799Z,0.81,170,yes,425cbfd5-aa8b-40ca-5f7a-3c9fbbb10680
KXJLEAGUEGAME-25NOV09GAMVIK-GAM,2025-11-09T07:42:02.595837Z,0.82,120,yes,dfe59c2d-40a3-6f4c-414a-b151c48fd1e9
KXJLEAGUEGAME-25NOV09GAMVIK-GAM,2025-11-09T07:42:01.92741Z,0.82,1,yes,8d7bb9b4-ab9b-6414-bbc6-7d1f106151fd
KXJLEAGUEGAME-25NOV09GAMVIK-GAM,2025-11-09T07:41:51.210619Z,0.78,50,no,6b7e329d-662f-5627-e8dd-325af3673c88
KXJLEAGUEGAME-25NOV09GAMVIK-GAM,2025-11-09T07:41:36.573176Z,0.87,42,yes,70e2537f-aa91-5746-71b0-bab7ed500c42
KXJLEAGUEGAME-25NOV09GAMVIK-GAM,2025-11-09T07:41:36.573176Z,0.89,12,yes,2676faea-317b-5892-7748-2b8ab5d03eda
KXJLEAGUEGAME-25NOV09GAMVIK-GAM,2025-11-09T07:41:31.305939Z,0.91,4,yes,4d36886e-0f34-6d8f-2e87-de581c26da29
KXJLEAGUEGAME-25NOV09GAMVIK-GAM,2025-11-09T07:41:23.58758Z,0.66,135,no,bcb65d74-a825-6e8a-8845-6c11a5fe122f
KXJLEAGUEGAME-25NOV09GAMVIK-GAM,2025-11-09T07:41:23.58758Z,0.65,25,no,b499a0b6-d4b6-6623-a55a-fbeb58ab431e
KXJLEAGUEGAME-25NOV09GAMVIK-GAM,2025-11-09T07:41:23.58758Z,0.64,62,no,a1617556-8e3d-63b7-8fc3-be111b053194
KXJLEAGUEGAME-25NOV09GAMVIK-GAM,2025-11-09T07:41:23.58758Z,0.65,169,no,81dd6565-ba0f-6f69-8a7f-5a50c409cc9b
KXJLEAGUEGAME-25NOV09GAMVIK-GAM,2025-11-09T07:41:16.457088Z,0.89,142,yes,f84ddfbf-1980-5fa1-0ad4-556dec77d9ab
KXJLEAGUEGAME-25NOV09GAMVIK-GAM,2025-11-09T07:41:16.457088Z,0.88,37,yes,daabdfa0-51f6-54f6-20eb-5a6632074fce
KXJLEAGUEGAME-25NOV09GAMVIK-GAM,2025-11-09T07:41:16.457088Z,0.91,127,yes,cff3c593-f76f-5428-225a-4af7a14b6940
KXJLEAGUEGAME-25NOV09GAMVIK-GAM,2025-11-09T07:41:16.457088Z,0.92,50,yes,cc10f9e3-db10-5757-2514-53493a2585ec
KXJLEAGUEGAME-25NOV09GAMVIK-GAM,2025-11-09T07:41:16.457088Z,0.94,210,yes,57fe55a9-41ff-5dab-1fb8-b7b6bf5823ef
KXJLEAGUEGAME-25NOV09GAMVIK-GAM,2025-11-09T07:41:16.457088Z,0.93,127,yes,29e4f87c-8362-5f3b-13d3-479995e424df
KXJLEAGUEGAME-25NOV09GAMVIK-GAM,2025-11-09T07:41:15.440094Z,0.66,35,no,ab9c1af3-8ecd-4ea6-e5b3-5577afe617b7
KXJLEAGUEGAME-25NOV09GAMVIK-GAM,2025-11-09T07:40:53.101585Z,0.7,15,yes,f1064e53-48c6-5b82-dd4d-eeef56af9a7a
KXJLEAGUEGAME-25NOV09GAMVIK-GAM,2025-11-09T07:40:44.243392Z,0.72,39,yes,9d369f62-044c-6855-f301-31cf251edbea
KXJLEAGUEGAME-25NOV09GAMVIK-GAM,2025-11-09T07:40:44.069323Z,0.72,39,no,45e1e3d0-d31a-71a9-36ff-4cdf10dcee0c
KXJLEAGUEGAME-25NOV09GAMVIK-GAM,2025-11-09T07:40:44.045317Z,0.7,66,yes,e2de090c-f142-6c06-31f7-f1acd17c89f6
KXJLEAGUEGAME-25NOV09GAMVIK-GAM,2025-11-09T07:40:44.045317Z,0.63,127,yes,b21056c6-7998-68f9-2bbe-7120640a610f
KXJLEAGUEGAME-25NOV09GAMVIK-GAM,2025-11-09T07:40:44.045317Z,0.68,127,yes,9404e601-783d-6e24-21bc-afda38bbe459
KXJLEAGUEGAME-25NOV09GAMVIK-GAM,2025-11-09T07:40:44.045317Z,0.52,79,yes,8381c4ea-bc18-6937-084b-27f0bea307f1
KXJLEAGUEGAME-25NOV09GAMVIK-GAM,2025-11-09T07:40:44.045317Z,0.58,50,yes,2e274b40-7107-652a-2e1c-8093310b3cc1
KXJLEAGUEGAME-25NOV09GAMVIK-GAM,2025-11-09T07:40:24.388327Z,0.11,30,no,ebfdf8f3-9731-597a-b0f9-b3b5cf6df05a
KXJLEAGUEGAME-25NOV09GAMVIK-GAM,2025-11-09T07:40:24.388327Z,0.05,53,no,9340b838-1ff5-570e-aa94-bd0fbaa08b80
KXJLEAGUEGAME-25NOV09GAMVIK-GAM,2025-11-09T07:40:24.388327Z,0.04,117,no,70d0edd0-1891-5858-a77e-151712bae57f
KXJLEAGUEGAME-25NOV09GAMVIK-GAM,2025-11-09T07:40:24.388327Z,0.05,15,no,62b99cba-bec9-5841-89e5-e5419effba49
KXJLEAGUEGAME-25NOV09GAMVIK-GAM,2025-11-09T07:40:24.388327Z,0.08,127,no,45baf524-cd67-529b-a1e9-f4736c39529a
KXJLEAGUEGAME-25NOV09GAMVIK-GAM,2025-11-09T07:40:24.388327Z,0.06,127,no,20ddece0-30d5-5221-9abf-19a82d858d97
KXJLEAGUEGAME-25NOV09GAMVIK-GAM,2025-11-09T07:40:24.388327Z,0.11,25,no,06aab0ed-5113-5968-9704-077ef57e945d
KXJLEAGUEGAME-25NOV09GAMVIK-GAM,2025-11-09T07:40:21.169895Z,0.19,24,yes,1d9ee042-b924-5b11-f4f6-76b1e1d1b479
KXJLEAGUEGAME-25NOV09GAMVIK-GAM,2025-11-09T07:39:56.269114Z,0.16,12,no,226bc058-bdd5-422b-f34d-98814702af60
KXJLEAGUEGAME-25NOV09GAMVIK-GAM,2025-11-09T07:39:56.182469Z,0.16,1,no,8864001b-5b31-61bb-17df-e11a3284cd34
KXJLEAGUEGAME-25NOV09GAMVIK-GAM,2025-11-09T07:39:56.150898Z,0.19,12,yes,d3d34615-ecf9-4cf2-3261-e6b591508024
KXJLEAGUEGAME-25NOV09GAMVIK-GAM,2025-11-09T07:39:56.145819Z,0.18,1,yes,f8e7a8f1-52af-70d3-792e-c3b7b87e4d36
KXJLEAGUEGAME-25NOV09GAMVIK-GAM,2025-11-09T07:39:56.145819Z,0.19,11,yes,b118b219-a405-7962-7331-8d865a4e2f70
KXJLEAGUEGAME-25NOV09GAMVIK-GAM,2025-11-09T07:39:56.126842Z,0.16,12,no,9816fde1-eaad-541f-029a-cab7f3a5ec34
KXJLEAGUEGAME-25NOV09GAMVIK-GAM,2025-11-09T07:39:56.115783Z,0.16,12,no,eaeb2791-1269-7ec7-2f02-6a87eafe519c
KXJLEAGUEGAME-25NOV09GAMVIK-GAM,2025-11-09T07:39:56.109782Z,0.16,12,no,4773cad0-7d51-4baf-d5ba-74e62e65d2f4
KXJLEAGUEGAME-25NOV09GAMVIK-GAM,2025-11-09T07:39:50.482378Z,0.11,30,no,8d43906d-74f7-649c-cc3d-d70b3bc4983d
KXJLEAGUEGAME-25NOV09GAMVIK-GAM,2025-11-09T07:39:36.095162Z,0.11,45,no,1482cb4d-26e3-6f54-effd-5cbaacfe1ea1
KXJLEAGUEGAME-25NOV09GAMVIK-GAM,2025-11-09T07:38:20.275474Z,0.19,24,yes,f98d7a76-5353-6f11-318e-3deeea1fc12b
KXJLEAGUEGAME-25NOV09GAMVIK-GAM,2025-11-09T07:38:10.507381Z,0.2,23,yes,90e7f557-c7e3-7b4c-a66b-34ded5aefd50
KXJLEAGUEGAME-25NOV09GAMVIK-GAM,2025-11-09T07:37:36.234751Z,0.17,29,no,435f484e-8ed7-482e-62b4-05899614493f
KXJLEAGUEGAME-25NOV09GAMVIK-GAM,2025-11-09T07:37:36.218272Z,0.2,29,yes,92e49355-a007-40f4-d9f8-2c7838bc218c
KXJLEAGUEGAME-25NOV09GAMVIK-GAM,2025-11-09T07:37:36.19147Z,0.2,29,yes,ed902f9f-f8d7-7bf0-7bc3-38e0c18a0e38
KXJLEAGUEGAME-25NOV09GAMVIK-GAM,2025-11-09T07:35:20.343034Z,0.19,47,no,3d9e8fc2-5797-6599-f755-1aedb0cc763a
KXJLEAGUEGAME-25NOV09GAMVIK-GAM,2025-11-09T07:34:52.337571Z,0.19,43,no,b82dceda-1b70-563b-f131-30dbf9cd249a
KXJLEAGUEGAME-25NOV09GAMVIK-GAM,2025-11-09T07:34:26.172417Z,0.21,22,yes,5f748ffd-b16d-6ee5-5e00-7930d046d9af
KXJLEAGUEGAME-25NOV09GAMVIK-GAM,2025-11-09T07:33:40.136689Z,0.2,4,yes,96a9fe80-7290-602a-2739-697e2e2e0225
KXJLEAGUEGAME-25NOV09GAMVIK-GAM,2025-11-09T07:33:33.532083Z,0.2,47,yes,1b58c907-c2d4-48ee-2622-832e9c499109
KXJLEAGUEGAME-25NOV09GAMVIK-GAM,2025-11-09T07:32:49.82894Z,0.43,50,yes,b2cf7ace-54a4-60ee-ddd3-2bcf5e433c02
KXJLEAGUEGAME-25NOV09GAMVIK-GAM,2025-11-09T07:32:49.82894Z,0.48,19,yes,73b853d4-5b33-69d6-ef7b-235f0ac2fa2b
KXJLEAGUEGAME-25NOV09GAMVIK-GAM,2025-11-09T07:32:49.82894Z,0.19,300,yes,355aef7d-b95e-6035-e863-328146ed54ba
KXJLEAGUEGAME-25NOV09GAMVIK-GAM,2025-11-09T07:32:49.82894Z,0.19,38,yes,0ff8e603-b8ec-6219-d8a8-eaffaf3ed7d8
KXJLEAGUEGAME-25NOV09GAMVIK-GAM,2025-11-09T07:32:48.020151Z,0.17,14,no,43068297-a2f5-441a-4347-9c75ca7db678
KXJLEAGUEGAME-25NOV09GAMVIK-GAM,2025-11-09T07:31:47.127787Z,0.21,27,yes,d22fa98a-c4fa-6077-e58a-1c73c22beb82
KXJLEAGUEGAME-25NOV09GAMVIK-GAM,2025-11-09T07:31:09.302833Z,0.21,45,yes,7fefde32-f73c-612a-c308-160cc6a27ba8
KXJLEAGUEGAME-25NOV09GAMVIK-GAM,2025-11-09T07:30:55.962481Z,0.21,11,yes,9f4d8bd7-53a0-52b6-cb8c-9c0eee503e8c
KXJLEAGUEGAME-25NOV09GAMVIK-GAM,2025-11-09T07:30:34.870384Z,0.21,90,yes,b2594eda-fd74-62da-f344-7e2f8da2b168
KXJLEAGUEGAME-25NOV09GAMVIK-GAM,2025-11-09T07:30:18.589713Z,0.21,45,yes,7f82a56d-c250-6c3a-d862-4ee6d9fb7838
KXJLEAGUEGAME-25NOV09GAMVIK-GAM,2025-11-09T07:30:07.680599Z,0.69,51,yes,ffda3e54-8cf6-4b8b-01d6-a16894edd70e
KXJLEAGUEGAME-25NOV09GAMVIK-GAM,2025-11-09T07:30:07.680599Z,0.22,263,yes,f129c7a7-f5b1-496f-287f-165b8a1bef33
KXJLEAGUEGAME-25NOV09GAMVIK-GAM,2025-11-09T07:30:07.680599Z,0.69,163,yes,85f9532d-6950-4085-26c5-69732c00116c
KXJLEAGUEGAME-25NOV09GAMVIK-GAM,2025-11-09T07:30:07.680599Z,0.21,263,yes,75cdd1a5-2056-4b71-1b29-9226c688c50c
KXJLEAGUEGAME-25NOV09GAMVIK-GAM,2025-11-09T07:30:07.680599Z,0.19,229,yes,720be151-826c-4bbc-220f-3221ad7c87ce
KXJLEAGUEGAME-25NOV09GAMVIK-GAM,2025-11-09T07:30:07.680599Z,0.2,263,yes,60d21879-9ef0-41bf-3aa3-70d287a59ba5
KXJLEAGUEGAME-25NOV09GAMVIK-GAM,2025-11-09T07:30:07.680599Z,0.23,16,yes,51767892-24e1-4ec8-27b5-fe26071803e1
KXJLEAGUEGAME-25NOV09GAMVIK-GAM,2025-11-09T07:30:07.680599Z,0.64,50,yes,47ff1db7-d34f-447f-210a-c1f9860042fb
KXJLEAGUEGAME-25NOV09GAMVIK-GAM,2025-11-09T07:30:07.680599Z,0.2,300,yes,4449f121-306b-435d-3b6d-135652a3e23e
KXJLEAGUEGAME-25NOV09GAMVIK-GAM,2025-11-09T07:30:07.680599Z,0.2,38,yes,3f9f7e0f-4a60-4b71-008f-1332da34cef7
KXJLEAGUEGAME-25NOV09GAMVIK-GAM,2025-11-09T07:29:33.449363Z,0.19,34,yes,65c58c25-7d50-76c4-c8a4-424096009aae
KXJLEAGUEGAME-25NOV09GAMVIK-GAM,2025-11-09T07:27:59.344704Z,0.2,4,yes,8b46ef71-b13d-5b26-b531-b5ed03d5f17c
KXJLEAGUEGAME-25NOV09GAMVIK-GAM,2025-11-09T07:27:43.673598Z,0.2,300,yes,e8a344f5-5ad6-7812-0717-e323146a0698
KXJLEAGUEGAME-25NOV09GAMVIK-GAM,2025-11-09T07:27:43.673598Z,0.21,38,yes,be688575-9373-7b41-3ad5-0ad8940aa9fe
KXJLEAGUEGAME-25NOV09GAMVIK-GAM,2025-11-09T07:27:43.673598Z,0.19,185,yes,9c67f872-d882-7808-3d35-f4128ef5f622
KXJLEAGUEGAME-25NOV09GAMVIK-GAM,2025-11-09T07:27:43.673598Z,0.2,194,yes,04e41283-ff72-7c38-3605-3117ad57472c
KXJLEAGUEGAME-25NOV09GAMVIK-GAM,2025-11-09T07:27:16.815907Z,0.19,9,yes,73fa99c4-ab7a-705c-f2e2-4cfcb9b7f8e6
KXJLEAGUEGAME-25NOV09GAMVIK-GAM,2025-11-09T07:27:09.678728Z,0.19,273,yes,7b6a3670-8a03-765b-8bc6-fca8714e5c59
KXJLEAGUEGAME-25NOV09GAMVIK-GAM,2025-11-09T07:27:09.678728Z,0.19,225,yes,6c0a7de7-6b8a-74a2-b0d7-ab440c0e8ddb
KXJLEAGUEGAME-25NOV09GAMVIK-GAM,2025-11-09T07:26:53.062887Z,0.19,24,yes,acd702f8-baee-6bc2-d6d6-ed287376d2cb
KXJLEAGUEGAME-25NOV09GAMVIK-GAM,2025-11-09T07:26:35.827098Z,0.19,14,yes,d3dbe088-8d36-517e-a76e-b014c06f6353
KXJLEAGUEGAME-25NOV09GAMVIK-GAM,2025-11-09T07:25:05.115223Z,0.2,263,yes,acd10f89-dae0-4c55-8271-c7114b9e092f
KXJLEAGUEGAME-25NOV09GAMVIK-GAM,2025-11-09T07:25:05.115223Z,0.21,172,yes,283897b4-530e-4b85-8f70-617dec18f3c5
KXJLEAGUEGAME-25NOV09GAMVIK-GAM,2025-11-09T07:25:05.115223Z,0.21,254,yes,17bdb974-1126-4e09-935a-226e26f0c109
KXJLEAGUEGAME-25NOV09GAMVIK-GAM,2025-11-09T07:24:49.567083Z,0.19,50,no,445bde3c-f2fc-410a-ba78-d13bfd0fe407
KXJLEAGUEGAME-25NOV09GAMVIK-GAM,2025-11-09T07:24:41.584189Z,0.19,60,no,4d303389-d945-55f7-0aef-60eb60cf7486
KXJLEAGUEGAME-25NOV09GAMVIK-GAM,2025-11-09T07:24:40.777952Z,0.21,128,yes,f6e8a09b-95ea-56e9-8bfc-473bf7f39ed1
KXJLEAGUEGAME-25NOV09GAMVIK-GAM,2025-11-09T07:23:27.084665Z,0.2,284,yes,98fc60c6-2091-7ed2-58e5-d8a8157facf3
KXJLEAGUEGAME-25NOV09GAMVIK-GAM,2025-11-09T07:23:17.648831Z,0.19,56,no,975c1397-9f55-7232-975c-e5d7caf0bb2b
KXJLEAGUEGAME-25NOV09GAMVIK-GAM,2025-11-09T07:23:06.776272Z,0.13,16,no,311dfadd-2b16-5c70-4e95-f02bc25047f6
KXJLEAGUEGAME-25NOV09GAMVIK-GAM,2025-11-09T07:22:05.448949Z,0.2,33,yes,fd923f50-b9f9-70b3-ec01-e24f7eb77547
KXJLEAGUEGAME-25NOV09GAMVIK-GAM,2025-11-09T07:22:04.623286Z,0.2,56,yes,5df47227-975d-405f-8b97-6ffe4ec445cf
KXJLEAGUEGAME-25NOV09GAMVIK-GAM,2025-11-09T07:21:51.612994Z,0.19,70,no,255431e6-b4da-521b-26c9-d8f4958c6191
KXJLEAGUEGAME-25NOV09GAMVIK-GAM,2025-11-09T07:21:44.17098Z,0.2,37,yes,06e70755-5d49-7b39-4e2e-c785df8633d1
KXJLEAGUEGAME-25NOV09GAMVIK-GAM,2025-11-09T07:20:28.617907Z,0.2,148,no,57439ffe-e840-4c1f-a02f-550a48b83d98
KXJLEAGUEGAME-25NOV09GAMVIK-GAM,2025-11-09T07:19:55.521862Z,0.22,1,yes,e8bacaa0-1dc2-5b18-0906-03df423efcaa
KXJLEAGUEGAME-25NOV09GAMVIK-GAM,2025-11-09T07:18:37.093128Z,0.22,23,yes,f642c9cc-9a76-75d8-248d-036edcf0296a
KXJLEAGUEGAME-25NOV09GAMVIK-GAM,2025-11-09T07:18:37.093128Z,0.22,7,yes,1caf9fa3-7556-7808-3d23-3e86735d8760
KXJLEAGUEGAME-25NOV09GAMVIK-GAM,2025-11-09T07:18:30.204737Z,0.22,27,yes,4633df0e-7fd2-4080-0a3e-aa020f98804c
KXJLEAGUEGAME-25NOV09GAMVIK-GAM,2025-11-09T07:17:58.814178Z,0.22,82,yes,791b8b8b-312e-5944-7649-2b9f167d1a88
KXJLEAGUEGAME-25NOV09GAMVIK-GAM,2025-11-09T07:17:16.32814Z,0.2,28,no,0c7b28b9-b1ed-4c6c-8e1f-38c59acdaea6
KXJLEAGUEGAME-25NOV09GAMVIK-GAM,2025-11-09T07:16:52.131431Z,0.26,9,yes,38416aab-d5bc-7f65-8f18-dab0ea31fb09
KXJLEAGUEGAME-25NOV09GAMVIK-GAM,2025-11-09T07:16:42.012494Z,0.21,19,no,d1c37d32-42aa-6c16-9c8a-c0854b891e88
KXJLEAGUEGAME-25NOV09GAMVIK-GAM,2025-11-09T07:16:30.347677Z,0.21,9,no,e3b1155b-2322-4416-bb27-9a9a6fff64ac
KXJLEAGUEGAME-25NOV09GAMVIK-GAM,2025-11-09T07:16:26.005585Z,0.23,20,yes,85531a99-2fda-46e4-20db-a57d24c00f2c
KXJLEAGUEGAME-25NOV09GAMVIK-GAM,2025-11-09T07:14:41.075512Z,0.23,296,yes,b840cd04-aaa9-4a2c-9db4-643a91f79be8
KXJLEAGUEGAME-25NOV09GAMVIK-GAM,2025-11-09T07:14:41.075512Z,0.23,116,yes,6ad299ea-1f7a-4a30-af76-81fa62158987
KXJLEAGUEGAME-25NOV09GAMVIK-GAM,2025-11-09T07:14:10.612804Z,0.2,2,no,79b93b5a-d605-400b-56aa-754340dd721b
KXJLEAGUEGAME-25NOV09GAMVIK-GAM,2025-11-09T07:14:02.078809Z,0.21,113,no,cc05dad7-bf2c-7cd0-ca06-c9d35844dda1
KXJLEAGUEGAME-25NOV09GAMVIK-GAM,2025-11-09T07:14:00.677056Z,0.23,4,yes,dc281e92-7279-6f3c-58de-f13df473fe0c
KXJLEAGUEGAME-25NOV09GAMVIK-GAM,2025-11-09T07:14:00.342151Z,0.21,31,no,33a4cfe9-d2d0-51a8-d6be-c90406e9130d
KXJLEAGUEGAME-25NOV09GAMVIK-GAM,2025-11-09T07:13:22.376259Z,0.24,11,yes,24d3f51a-ef51-6905-14ae-cfccc7fa5a29
KXJLEAGUEGAME-25NOV09GAMVIK-GAM,2025-11-09T07:12:26.770135Z,0.22,136,no,63f1db47-15d9-416c-f881-a54d38a970fc
KXJLEAGUEGAME-25NOV09GAMVIK-GAM,2025-11-09T07:12:15.132968Z,0.23,40,no,e9868668-762f-6f67-567a-f6b5c4b79d86
KXJLEAGUEGAME-25NOV09GAMVIK-GAM,2025-11-09T07:12:15.132968Z,0.24,5,no,31e11be2-c563-6ccb-44d5-58923481f212
KXJLEAGUEGAME-25NOV09GAMVIK-GAM,2025-11-09T07:12:15.132968Z,0.23,5,no,2facaebe-6d83-60c1-6b4c-ba36bf041627
KXJLEAGUEGAME-25NOV09GAMVIK-GAM,2025-11-09T07:11:21.342743Z,0.25,3,yes,43d3fb11-da1a-4e6c-112c-44fc709c8bdb
KXJLEAGUEGAME-25NOV09GAMVIK-GAM,2025-11-09T07:11:17.325157Z,0.25,26,yes,84e9f773-0076-6050-1241-a9f26092f03f
KXJLEAGUEGAME-25NOV09GAMVIK-GAM,2025-11-09T07:11:16.534923Z,0.25,38,yes,790fa6bd-145a-7960-0492-63e7f5095b9f
KXJLEAGUEGAME-25NOV09GAMVIK-GAM,2025-11-09T07:11:15.282396Z,0.26,14,yes,1c0b38a5-357e-4a83-f69d-73c59c1cbae0
KXJLEAGUEGAME-25NOV09GAMVIK-GAM,2025-11-09T07:11:15.282396Z,0.25,46,yes,0f04bba5-e69a-4e47-f8c9-fd33585a82d5
KXJLEAGUEGAME-25NOV09GAMVIK-GAM,2025-11-09T07:10:39.549808Z,0.25,3,yes,70a349ae-7162-4247-e8db-d1f01c884641
KXJLEAGUEGAME-25NOV09GAMVIK-GAM,2025-11-09T07:10:32.834752Z,0.25,3,yes,13021792-c2da-438f-b2e7-6dd4bf52a4dd
KXJLEAGUEGAME-25NOV09GAMVIK-GAM,2025-11-09T07:10:14.346874Z,0.25,68,yes,f06e05f8-f062-6607-9366-f345e2fe9a3d
KXJLEAGUEGAME-25NOV09GAMVIK-GAM,2025-11-09T07:10:07.570239Z,0.25,68,yes,d3c293fe-c47e-5f9f-2edd-fa966e221df1
KXJLEAGUEGAME-25NOV09GAMVIK-GAM,2025-11-09T07:09:33.111738Z,0.25,38,yes,3e801b0a-d180-5357-3031-83faf351eb7b
KXJLEAGUEGAME-25NOV09GAMVIK-GAM,2025-11-09T07:09:30.322979Z,0.25,22,yes,b9d643cb-56e0-68d7-19b7-38cd47b5ec77
KXJLEAGUEGAME-25NOV09GAMVIK-GAM,2025-11-09T07:07:43.978114Z,0.25,19,yes,5cd931ad-18a4-700a-2b9b-d0eb0763371d
KXJLEAGUEGAME-25NOV09GAMVIK-GAM,2025-11-09T07:06:47.572456Z,0.24,31,yes,e9b9030c-ec26-4e90-5a24-e565ec9e3f89
KXJLEAGUEGAME-25NOV09GAMVIK-GAM,2025-11-09T07:06:40.198093Z,0.24,300,no,e6626e93-3238-4878-b2e3-3888b222e145
KXJLEAGUEGAME-25NOV09GAMVIK-GAM,2025-11-09T07:06:35.600888Z,0.25,300,yes,ce8d1441-d105-4514-e4ce-8c634a62e523
KXJLEAGUEGAME-25NOV09GAMVIK-GAM,2025-11-09T07:06:35.600888Z,0.26,146,yes,ae386977-50a4-49ad-f05a-800390d0f108
KXJLEAGUEGAME-25NOV09GAMVIK-GAM,2025-11-09T07:06:35.600888Z,0.24,99,yes,a9fd7ea1-e5dc-425c-dc6a-05f6e8051b32
KXJLEAGUEGAME-25NOV09GAMVIK-GAM,2025-11-09T07:06:35.600888Z,0.25,38,yes,a2469941-76d2-45a2-cdb5-3879ab045a62
KXJLEAGUEGAME-25NOV09GAMVIK-GAM,2025-11-09T07:06:35.600888Z,0.25,175,yes,40bac429-6735-48f7-d129-875addd6a6cf
KXJLEAGUEGAME-25NOV09GAMVIK-GAM,2025-11-09T07:06:17.36601Z,0.24,76,yes,b9506ef6-e27c-7518-52e7-3949c7572e76
KXJLEAGUEGAME-25NOV09GAMVIK-GAM,2025-11-09T07:06:17.36601Z,0.24,97,yes,b33099a0-199a-77bf-6560-5767f956ae31
KXJLEAGUEGAME-25NOV09GAMVIK-GAM,2025-11-09T07:06:17.36601Z,0.24,203,yes,10591cee-55e0-759d-7f0b-fea41c72fe4a
KXJLEAGUEGAME-25NOV09GAMVIK-GAM,2025-11-09T07:04:22.034518Z,0.24,38,yes,c462d5db-eca8-5b89-3db7-be57be57d583
KXJLEAGUEGAME-25NOV09GAMVIK-GAM,2025-11-09T07:04:22.034518Z,0.24,94,yes,927f7434-6728-51b9-264e-0e05a3ff3006
KXJLEAGUEGAME-25NOV09GAMVIK-GAM,2025-11-09T07:04:22.034518Z,0.24,263,yes,2786bd76-88c2-5335-282c-1db3e63367d7
KXJLEAGUEGAME-25NOV09GAMVIK-GAM,2025-11-09T07:02:56.714446Z,0.24,3,yes,283f6d23-a813-6de9-18b2-938c4cf961f0
KXJLEAGUEGAME-25NOV09GAMVIK-GAM,2025-11-09T07:02:37.669018Z,0.24,59,yes,cb4c395a-dae5-4783-dd99-9d493a8a41ce
KXJLEAGUEGAME-25NOV09GAMVIK-GAM,2025-11-09T07:02:35.717203Z,0.24,38,yes,c8605a2d-a7eb-6125-0d88-47f8587aedcf
KXJLEAGUEGAME-25NOV09GAMVIK-GAM,2025-11-09T07:02:35.717203Z,0.24,9,yes,9c794ba5-6cbd-6137-3ccd-3d7d5758000a
KXJLEAGUEGAME-25NOV09GAMVIK-GAM,2025-11-09T07:00:29.305654Z,0.24,19,yes,3653ac75-cc40-5fa4-44b9-8f6bb4ec54ec
KXJLEAGUEGAME-25NOV09GAMVIK-GAM,2025-11-09T06:59:26.550645Z,0.24,3,yes,4636a13f-4fd4-51fc-498a-c6aec0e09a00
KXJLEAGUEGAME-25NOV09GAMVIK-GAM,2025-11-09T06:59:08.014625Z,0.24,31,yes,496fde80-3750-6fd8-675c-e5ca4e23d1d0
KXJLEAGUEGAME-25NOV09GAMVIK-GAM,2025-11-09T06:58:32.527911Z,0.24,5,yes,bde6f614-2abc-5622-6638-9683cf13dd0d
KXJLEAGUEGAME-25NOV09GAMVIK-GAM,2025-11-09T06:58:32.527911Z,0.24,36,yes,0b279980-d0cc-5324-6e8d-4ccfe21253ac
KXJLEAGUEGAME-25NOV09GAMVIK-GAM,2025-11-09T06:58:15.308215Z,0.24,79,yes,4cfdb1f9-3740-79a2-88cb-0a8eb4826f7d
KXJLEAGUEGAME-25NOV09GAMVIK-GAM,2025-11-09T06:58:03.423521Z,0.24,193,yes,02401765-f1ac-5cce-81c3-3bf290f72fdd
KXJLEAGUEGAME-25NOV09GAMVIK-GAM,2025-11-09T06:57:31.787614Z,0.24,3,yes,c5263172-2190-7556-7049-f547faea1ce9
KXJLEAGUEGAME-25NOV09GAMVIK-GAM,2025-11-09T06:55:39.329776Z,0.24,20,yes,5b849175-7200-7f6e-be32-f5c927556a49
KXJLEAGUEGAME-25NOV09GAMVIK-GAM,2025-11-09T06:55:12.989854Z,0.23,41,yes,95fe51e3-2b62-7b3f-611e-3fb20da4848d
KXJLEAGUEGAME-25NOV09GAMVIK-GAM,2025-11-09T06:55:10.481571Z,0.23,12,yes,8e52dd3a-ad6a-5813-b77a-61f0b8f22935
KXJLEAGUEGAME-25NOV09GAMVIK-GAM,2025-11-09T06:54:48.561458Z,0.21,53,no,9b9622c7-8330-7b6c-a944-c91130083198
KXJLEAGUEGAME-25NOV09GAMVIK-GAM,2025-11-09T06:54:32.263339Z,0.24,4,yes,f8f7aeb7-07b2-6b02-8eb9-5625d74249aa
KXJLEAGUEGAME-25NOV09GAMVIK-GAM,2025-11-09T06:54:32.263339Z,0.23,16,yes,dbc8e563-ea17-6ba8-9d25-3cafae8abfd3
KXJLEAGUEGAME-25NOV09GAMVIK-GAM,2025-11-09T06:54:28.611096Z,0.23,103,yes,fca41e9c-af73-4b38-2173-3a47565ff8c3
KXJLEAGUEGAME-25NOV09GAMVIK-GAM,2025-11-09T06:54:23.809757Z,0.23,4,yes,0029e87e-6d3b-5aec-007c-e4a50e5d5baf
KXJLEAGUEGAME-25NOV09GAMVIK-GAM,2025-11-09T06:54:05.663148Z,0.23,12,yes,df5a746f-2eaf-5624-3003-14523c24b083
KXJLEAGUEGAME-25NOV09GAMVIK-GAM,2025-11-09T06:54:05.077212Z,0.23,90,yes,c1a2b9dc-b007-69ec-f14d-5177f2c4ba27
KXJLEAGUEGAME-25NOV09GAMVIK-GAM,2025-11-09T06:53:59.587254Z,0.23,10,yes,99c9e7fb-789f-5c4c-e3b0-13c01ece37af
KXJLEAGUEGAME-25NOV09GAMVIK-GAM,2025-11-09T06:53:32.540331Z,0.23,12,yes,54cb1044-526b-50c0-a35f-6bab17647a2b
KXJLEAGUEGAME-25NOV09GAMVIK-GAM,2025-11-09T06:53:18.24105Z,0.23,16,yes,329ff3be-09ef-656c-22b0-f4fef8126d9b
KXJLEAGUEGAME-25NOV09GAMVIK-GAM,2025-11-09T06:53:14.072148Z,0.23,37,yes,df4c3adf-9e1b-69cf-16d8-5195e9af1aaf
KXJLEAGUEGAME-25NOV09GAMVIK-GAM,2025-11-09T06:53:03.953417Z,0.21,30,no,365082c9-9896-6b2a-5911-b9680c76c505
KXJLEAGUEGAME-25NOV09GAMVIK-GAM,2025-11-09T06:53:03.953417Z,0.21,1,no,2f71ecb4-3ba8-625c-42f4-6e1c496ad794
KXJLEAGUEGAME-25NOV09GAMVIK-GAM,2025-11-09T06:47:45.438003Z,0.24,19,yes,b010f365-2d65-5ced-214c-d3a94617950b
KXJLEAGUEGAME-25NOV09GAMVIK-GAM,2025-11-09T06:45:51.066791Z,0.24,3,yes,66849763-9d31-4635-2edd-a4f54742d20f
KXJLEAGUEGAME-25NOV09GAMVIK-GAM,2025-11-09T06:44:34.580197Z,0.24,91,yes,65bfa4d6-aa03-7986-cf45-697893302c3f
KXJLEAGUEGAME-25NOV09GAMVIK-GAM,2025-11-09T06:44:34.580197Z,0.24,300,yes,31b4136a-af57-738b-cf2e-261d503ed95a
KXJLEAGUEGAME-25NOV09GAMVIK-GAM,2025-11-09T06:44:13.999842Z,0.21,30,no,db0adab8-8ce1-4924-4bd1-a60193106a09
KXJLEAGUEGAME-25NOV09GAMVIK-GAM,2025-11-09T06:44:13.999842Z,0.21,181,no,5fdc3720-2332-4609-4405-d9696fd983ad
KXJLEAGUEGAME-25NOV09GAMVIK-GAM,2025-11-09T06:42:57.97092Z,0.25,31,yes,29f4c79e-b7f9-557c-5fba-dce84203ea64
KXJLEAGUEGAME-25NOV09GAMVIK-GAM,2025-11-09T06:42:40.429385Z,0.12,137,no,37aa8a5c-11f1-54c5-fa83-9e6e8287592b
KXJLEAGUEGAME-25NOV09GAMVIK-GAM,2025-11-09T06:41:54.37118Z,0.25,80,yes,9db2dda5-e414-62c9-0603-cb2e165b7a69
KXJLEAGUEGAME-25NOV09GAMVIK-GAM,2025-11-09T06:41:54.37118Z,0.26,105,yes,25bacb4b-5f56-6c58-2c0e-b0f139634181
KXJLEAGUEGAME-25NOV09GAMVIK-GAM,2025-11-09T06:40:00.887141Z,0.26,111,yes,eba72d49-1f26-5f0b-43ba-27519eb81a11
KXJLEAGUEGAME-25NOV09GAMVIK-GAM,2025-11-09T06:40:00.887141Z,0.25,200,yes,547cab33-6122-5083-455b-e1eedca484a7
KXJLEAGUEGAME-25NOV09GAMVIK-GAM,2025-11-09T06:39:30.570898Z,0.25,7,yes,3ed7dd3b-42ae-49d7-d993-267d954168b3
KXJLEAGUEGAME-25NOV09GAMVIK-GAM,2025-11-09T06:38:04.787494Z,0.26,1,yes,7a0c928e-33c1-77b2-c709-8578d3ea6b1d
KXJLEAGUEGAME-25NOV09GAMVIK-GAM,2025-11-09T06:38:03.67342Z,0.26,18,yes,cbd23f7b-9b45-7216-ad18-beca58320ba5
KXJLEAGUEGAME-25NOV09GAMVIK-GAM,2025-11-09T06:37:00.571954Z,0.27,105,yes,886904fc-fb7e-7d4c-9cd3-446d405b23b5
KXJLEAGUEGAME-25NOV09GAMVIK-GAM,2025-11-09T06:34:06.532395Z,0.27,211,yes,a7797937-d41f-64d7-9a8d-0fdac41fe5c7
KXJLEAGUEGAME-25NOV09GAMVIK-GAM,2025-11-09T06:33:54.180704Z,0.27,35,yes,10eddc5d-1d3b-6983-17b9-9317a0aae473
KXJLEAGUEGAME-25NOV09GAMVIK-GAM,2025-11-09T06:32:58.284312Z,0.27,3,yes,afc1cb7f-9901-4405-0afe-b24a55b1c030
KXJLEAGUEGAME-25NOV09GAMVIK-GAM,2025-11-09T06:31:59.132526Z,0.28,17,yes,2a79f03a-e11e-5175-4386-f0ca35325ea1
KXJLEAGUEGAME-25NOV09GAMVIK-GAM,2025-11-09T06:31:30.268949Z,0.28,15,yes,2a8b2a9a-8686-791d-e9b4-1de840f2f321
KXJLEAGUEGAME-25NOV09GAMVIK-GAM,2025-11-09T06:30:28.353046Z,0.29,8,yes,bde2f355-97f8-5b93-c6a3-d41f528f38ad
KXJLEAGUEGAME-25NOV09GAMVIK-GAM,2025-11-09T06:30:28.353046Z,0.28,300,yes,b49c17bd-e0d7-5599-c0e0-2ae162f3a132
KXJLEAGUEGAME-25NOV09GAMVIK-GAM,2025-11-09T06:30:28.353046Z,0.28,82,yes,ac1b0911-e377-5833-f858-875bc0a1c867
KXJLEAGUEGAME-25NOV09GAMVIK-GAM,2025-11-09T06:30:28.353046Z,0.29,82,yes,487696aa-fc46-5d83-c628-2ca2de76d07b
KXJLEAGUEGAME-25NOV09GAMVIK-GAM,2025-11-09T06:25:52.829503Z,0.29,10,yes,981f3161-cea9-53d3-093f-5023dd99a860
KXJLEAGUEGAME-25NOV09GAMVIK-GAM,2025-11-09T06:19:04.027247Z,0.26,32,no,a3798de9-a0e9-7337-5885-8e7c0c112204
KXJLEAGUEGAME-25NOV09GAMVIK-GAM,2025-11-09T06:16:57.932662Z,0.29,164,yes,22dc2f4a-a937-76d9-6aed-2ed5151019fb
KXJLEAGUEGAME-25NOV09GAMVIK-GAM,2025-11-09T06:15:46.525199Z,0.29,32,yes,b1aa127c-d7fe-59e2-9978-32244e60b59f
KXJLEAGUEGAME-25NOV09GAMVIK-GAM,2025-11-09T06:15:24.920891Z,0.29,32,yes,f3ea095e-7e6e-6cc6-989e-a9faa06b6ae3
KXJLEAGUEGAME-25NOV09GAMVIK-GAM,2025-11-09T06:15:16.738319Z,0.29,3,yes,30cd4827-b35a-6516-e7ea-33715fd30dd3
KXJLEAGUEGAME-25NOV09GAMVIK-GAM,2025-11-09T06:13:37.880964Z,0.28,118,yes,366d4e90-87f9-6bad-61d2-96f3c8b1e98f
KXJLEAGUEGAME-25NOV09GAMVIK-GAM,2025-11-09T06:12:01.4092Z,0.25,50,no,c5ab6c21-e293-681d-4d4c-ccdd1171dd8f
KXJLEAGUEGAME-25NOV09GAMVIK-GAM,2025-11-09T06:10:58.029528Z,0.27,14,yes,4dc076e0-1e31-662c-389d-35eccc983832
KXJLEAGUEGAME-25NOV09GAMVIK-GAM,2025-11-09T06:09:56.795479Z,0.26,54,yes,d7103027-11e1-6623-711f-fc52c1958fdd
KXJLEAGUEGAME-25NOV09GAMVIK-GAM,2025-11-09T06:09:14.890891Z,0.26,175,yes,cec0d693-7e61-6027-dc68-f23b3c0b9181
KXJLEAGUEGAME-25NOV09GAMVIK-GAM,2025-11-09T06:06:36.620843Z,0.26,73,yes,3cabded5-764e-724e-4608-b5b46a8c3168
KXJLEAGUEGAME-25NOV09GAMVIK-GAM,2025-11-09T05:43:35.699238Z,0.27,7,yes,922cc14b-20c4-61b0-1559-8c802c737534
KXJLEAGUEGAME-25NOV09GAMVIK-GAM,2025-11-09T05:39:41.949913Z,0.27,10,yes,74031795-d25c-66e4-d4ae-cf3b7a42b914
KXJLEAGUEGAME-25NOV09GAMVIK-GAM,2025-11-09T05:38:09.807997Z,0.25,22,no,91a9f807-1a4d-5832-fd23-4f3962460947
KXJLEAGUEGAME-25NOV09GAMVIK-GAM,2025-11-09T05:35:19.634036Z,0.28,10,yes,f584d8a6-dbb1-6a53-d7ac-89a891e8f778
KXJLEAGUEGAME-25NOV09GAMVIK-GAM,2025-11-09T05:29:20.093636Z,0.28,3,yes,8fdee62f-1559-6873-dfc9-18ba2e83bf80
KXJLEAGUEGAME-25NOV09GAMVIK-GAM,2025-11-09T04:53:35.949476Z,0.3,31,yes,bac6970c-706a-7403-009c-50b2288cdb7a
KXJLEAGUEGAME-25NOV09GAMVIK-GAM,2025-11-09T04:26:24.096893Z,0.3,6,yes,0c65fbf1-ba53-7760-1b28-ef79d96d9a0b
KXJLEAGUEGAME-25NOV09GAMVIK-GAM,2025-11-09T04:22:23.484512Z,0.3,110,yes,57b0075f-8782-5388-f37a-2d96f17f8356
KXJLEAGUEGAME-25NOV09GAMVIK-GAM,2025-11-09T04:22:23.484512Z,0.3,3,yes,47ea4c96-dd8d-511b-d49a-3beaa752640c
KXJLEAGUEGAME-25NOV09GAMVIK-GAM,2025-11-09T04:22:23.484512Z,0.3,204,yes,0715e3c2-a38b-5de0-d2a1-969c8ffa8adf
KXJLEAGUEGAME-25NOV09GAMVIK-GAM,2025-11-09T04:05:18.690028Z,0.3,6,yes,c65388ca-6fde-6fe8-7d1f-ea91108e612e
