ticker,created_time,price,count,taker_side,trade_id
KXJLEAGUEGAME-25NOV09MACTOK-MAC,2025-11-09T06:53:24.02415Z,0.01,187,yes,031c4474-b04b-4b12-5013-1dfa5f730602
KXJLEAGUEGAME-25NOV09MACTOK-MAC,2025-11-09T06:52:46.760051Z,0.01,187,yes,317d34c5-7587-7456-bc83-e5a547425642
KXJLEAGUEGAME-25NOV09MACTOK-MAC,2025-11-09T06:52:29.820143Z,0.01,56,yes,a4458c62-3452-74cc-7e65-da78892d1cd6
KXJLEAGUEGAME-25NOV09MACTOK-MAC,2025-11-09T06:52:29.820143Z,0.01,131,yes,5c2bd2e2-9acf-788e-49ee-098028bf00c2
KXJLEAGUEGAME-25NOV09MACTOK-MAC,2025-11-09T06:52:23.312555Z,0.01,52,no,91c178e7-1f98-5c52-75a2-ff4a32b653cf
KXJLEAGUEGAME-25NOV09MACTOK-MAC,2025-11-09T06:52:23.312555Z,0.01,408,no,8e06100c-a3c8-5b00-4d06-266ddb1f9aba
KXJLEAGUEGAME-25NOV09MACTOK-MAC,2025-11-09T06:52:23.265165Z,0.01,120,no,57b11153-7148-4a02-1d13-a3efb738cfcf
KXJLEAGUEGAME-25NOV09MACTOK-MAC,2025-11-09T06:52:22.05536Z,0.02,93,yes,092aa8ac-4f95-4dec-2638-3135ea5056b1
KXJLEAGUEGAME-25NOV09MACTOK-MAC,2025-11-09T06:52:13.148731Z,0.02,116,yes,110b5cce-8a1d-5758-c60b-e86df1187021
KXJLEAGUEGAME-25NOV09MACTOK-MAC,2025-11-09T06:52:11.532404Z,0.01,184,no,0580b580-6984-524e-46cb-4eda942a2eef
KXJLEAGUEGAME-25NOV09MACTOK-MAC,2025-11-09T06:52:11.498484Z,0.01,383,no,56920da5-85c4-4b2a-6b96-f5ece7b0c5af
KXJLEAGUEGAME-25NOV09MACTOK-MAC,2025-11-09T06:52:10.990887Z,0.01,145,no,14562b42-210c-79f6-2083-ae910ab74e17
KXJLEAGUEGAME-25NOV09MACTOK-MAC,2025-11-09T06:52:05.980436Z,0.01,91,no,a1a10d50-9f3c-5dce-b0ad-7083f7c9101b
KXJLEAGUEGAME-25NOV09MACTOK-MAC,2025-11-09T06:52:05.590687Z,0.02,19,yes,e3f32b7a-4975-50e0-dc5d-1d71886286fd
KXJLEAGUEGAME-25NOV09MACTOK-MAC,2025-11-09T06:52:05.566854Z,0.01,19,no,09ead139-796c-58da-8066-04bd9597000f
KXJLEAGUEGAME-25NOV09MACTOK-MAC,2025-11-09T06:52:00.875302Z,0.02,46,yes,72b5eba7-da49-5f80-06fe-68cd1c11fc39
KXJLEAGUEGAME-25NOV09MACTOK-MAC,2025-11-09T06:51:25.769836Z,0.01,6,no,6f4840c5-52e0-471a-a284-1c5a4ef0ddaf
KXJLEAGUEGAME-25NOV09MACTOK-MAC,2025-11-09T06:51:24.426063Z,0.01,166,no,285201a3-b1d4-76a0-7328-7eb8c1860c46
KXJLEAGUEGAME-25NOV09MACTOK-MAC,2025-11-09T06:51:24.412117Z,0.01,104,no,73226432-aa88-4702-3fa2-e43755b43619
KXJLEAGUEGAME-25NOV09MACTOK-MAC,2025-11-09T06:51:11.481345Z,0.02,46,yes,3526c98a-b825-53e8-d5d0-3857dbe3bdb9
KXJLEAGUEGAME-25NOV09MACTOK-MAC,2025-11-09T06:51:02.667318Z,0.02,20,yes,5a18ce50-c2f1-5e80-cf23-575b999d4729
KXJLEAGUEGAME-25NOV09MACTOK-MAC,2025-11-09T06:51:02.648662Z,0.01,26,no,41a867a8-5b64-4d66-0a52-9fb75f497541
KXJLEAGUEGAME-25NOV09MACTOK-MAC,2025-11-09T06:50:49.999747Z,0.01,70,no,e815eb3e-7950-5736-a3af-70a3549e3ea9
KXJLEAGUEGAME-25NOV09MACTOK-MAC,2025-11-09T06:50:49.999747Z,0.01,44,no,96be1306-97c0-566c-9ea8-f1e29966fafd
KXJLEAGUEGAME-25NOV09MACTOK-MAC,2025-11-09T06:50:16.991168Z,0.02,46,yes,c0cd0528-b1f5-75f8-f193-3f7ebcc1fdd5
KXJLEAGUEGAME-25NOV09MACTOK-MAC,2025-11-09T06:50:00.911928Z,0.01,156,no,f61116e0-ec6c-6cd0-a3eb-a773075dcdc9
KXJLEAGUEGAME-25NOV09MACTOK-MAC,2025-11-09T06:50:00.911928Z,0.01,57,no,ee7d2ba0-cc14-6d1b-bc82-db58df385324
KXJLEAGUEGAME-25NOV09MACTOK-MAC,2025-11-09T06:49:59.350143Z,0.01,443,no,f41ecff8-1e6c-6af3-e8b5-f406d02a42dc
KXJLEAGUEGAME-25NOV09MACTOK-MAC,2025-11-09T06:49:56.011401Z,0.02,50,no,5673f86a-cee3-7ef8-b1a1-8aee60277364
KXJLEAGUEGAME-25NOV09MACTOK-MAC,2025-11-09T06:49:56.011401Z,0.02,200,no,4ba1d576-a3f3-71ed-aef0-d1edd5c38868
KXJLEAGUEGAME-25NOV09MACTOK-MAC,2025-11-09T06:49:21.577686Z,0.17,25,yes,6e548258-b2a9-79e0-8301-0fb99de5fa85
KXJLEAGUEGAME-25NOV09MACTOK-MAC,2025-11-09T06:49:15.167975Z,0.03,117,no,197cd286-c22c-448e-26a9-a544db2b589a
KXJLEAGUEGAME-25NOV09MACTOK-MAC,2025-11-09T06:49:15.167975Z,0.04,117,no,0c28038d-09ea-4ad9-15cb-6c3f38d807ce
KXJLEAGUEGAME-25NOV09MACTOK-MAC,2025-11-09T06:49:08.885371Z,0.04,183,no,269dbf10-27e6-790d-5185-0b30c6ba8296
KXJLEAGUEGAME-25NOV09MACTOK-MAC,2025-11-09T06:48:52.463917Z,0.33,1,yes,89fe8cb2-7c4f-7b23-3ce1-ca2bd9a46281
KXJLEAGUEGAME-25NOV09MACTOK-MAC,2025-11-09T06:48:52.463917Z,0.33,48,yes,6f05d75a-2bf2-7b9b-3334-7a19049ed674
KXJLEAGUEGAME-25NOV09MACTOK-MAC,2025-11-09T06:48:51.939568Z,0.11,27,no,d3dc683b-5d77-549d-e027-d82503733313
KXJLEAGUEGAME-25NOV09MACTOK-MAC,2025-11-09T06:48:51.939568Z,0.17,1,no,4b8e06e2-0d06-502d-d248-a5d99b6bcc2a
KXJLEAGUEGAME-25NOV09MACTOK-MAC,2025-11-09T06:48:50.111368Z,0.17,2,no,2a688764-57d2-7b85-bcbc-d23e74371816
KXJLEAGUEGAME-25NOV09MACTOK-MAC,2025-11-09T06:48:48.248851Z,0.17,3,no,a975336d-4a52-5209-5802-6bfd5366839e
KXJLEAGUEGAME-25NOV09MACTOK-MAC,2025-11-09T06:48:36.21051Z,0.17,6,no,19a54ce2-444e-7bc9-e6ce-5e56007117c2
KXJLEAGUEGAME-25NOV09MACTOK-MAC,2025-11-09T06:48:35.877586Z,0.17,30,no,83101061-4a22-5869-6480-e8dc57997f96
KXJLEAGUEGAME-25NOV09MACTOK-MAC,2025-11-09T06:48:27.759372Z,0.17,25,no,a99e0d21-ec9e-47c1-97b1-2248e4d2fa8a
KXJLEAGUEGAME-25NOV09MACTOK-MAC,2025-11-09T06:48:26.038366Z,0.17,14,no,86bae147-0246-67e1-6d8b-6439eac16b8e
KXJLEAGUEGAME-25NOV09MACTOK-MAC,2025-11-09T06:48:23.282945Z,0.18,14,yes,b9150449-71cf-4053-43c8-55f8899c610c
KXJLEAGUEGAME-25NOV09MACTOK-MAC,2025-11-09T06:48:23.282945Z,0.18,38,yes,299acfa2-9d30-4eaf-564d-8d635409f528
KXJLEAGUEGAME-25NOV09MACTOK-MAC,2025-11-09T06:48:18.934647Z,0.17,9,no,2f96d5eb-e43e-5391-d824-27bb6e2c7a5e
KXJLEAGUEGAME-25NOV09MACTOK-MAC,2025-11-09T06:48:16.364509Z,0.17,2,no,d2899647-0472-4b15-4bf3-a1ba65683f22
KXJLEAGUEGAME-25NOV09MACTOK-MAC,2025-11-09T06:48:11.426528Z,0.17,57,no,c01cdc1e-b3b6-7295-e896-2d7ea0bf0c86
KXJLEAGUEGAME-25NOV09MACTOK-MAC,2025-11-09T06:48:09.262441Z,0.17,51,no,f1a0f9a4-6bb6-6bc1-a1de-acf8f3b0e37a
KXJLEAGUEGAME-25NOV09MACTOK-MAC,2025-11-09T06:48:09.262441Z,0.18,6,no,0eeda250-73b5-62b6-b2c6-d9db5f821212
KXJLEAGUEGAME-25NOV09MACTOK-MAC,2025-11-09T06:48:05.820462Z,0.18,59,no,8270fbd1-5381-77d6-3411-414c4459fd0a
KXJLEAGUEGAME-25NOV09MACTOK-MAC,2025-11-09T06:48:05.242588Z,0.18,8,no,b8f6344e-94f9-6b6a-66e3-fc642485fb4a
KXJLEAGUEGAME-25NOV09MACTOK-MAC,2025-11-09T06:47:33.057637Z,0.19,74,yes,545c637e-39e4-72cb-d592-e4203d2f052b
KXJLEAGUEGAME-25NOV09MACTOK-MAC,2025-11-09T06:47:22.471291Z,0.81,38,yes,fcbd716c-5e47-5da0-2bbe-787909fa0fec
KXJLEAGUEGAME-25NOV09MACTOK-MAC,2025-11-09T06:47:22.471291Z,0.19,300,yes,f8646cdd-088b-528e-36ab-baab25cad5ac
KXJLEAGUEGAME-25NOV09MACTOK-MAC,2025-11-09T06:47:22.471291Z,0.2,38,yes,ed710160-dcbc-5710-0ad6-39d4273599a7
KXJLEAGUEGAME-25NOV09MACTOK-MAC,2025-11-09T06:47:09.504019Z,0.17,30,no,3c163846-d7a9-5260-8793-ee98a28b116e
KXJLEAGUEGAME-25NOV09MACTOK-MAC,2025-11-09T06:47:09.12959Z,0.21,90,yes,f8ce1a47-9af2-7767-6b08-cf15120165b6
KXJLEAGUEGAME-25NOV09MACTOK-MAC,2025-11-09T06:45:57.650985Z,0.21,90,yes,02536111-d733-4046-7c62-7af804187ecd
KXJLEAGUEGAME-25NOV09MACTOK-MAC,2025-11-09T06:45:38.589674Z,0.21,54,yes,79ba562c-bbc2-599f-681c-bc16cc8fe7a3
KXJLEAGUEGAME-25NOV09MACTOK-MAC,2025-11-09T06:45:38.589674Z,0.21,246,yes,74c50c8a-fa50-5854-5cf4-8d78d44b5b76
KXJLEAGUEGAME-25NOV09MACTOK-MAC,2025-11-09T06:45:38.589674Z,0.48,11,yes,1790c3ee-86f4-5da0-6ad1-1144a649c2fa
KXJLEAGUEGAME-25NOV09MACTOK-MAC,2025-11-09T06:45:38.589674Z,0.78,35,yes,0bf13556-b99f-5203-515e-025d1efc1dda
KXJLEAGUEGAME-25NOV09MACTOK-MAC,2025-11-09T06:45:28.453191Z,0.2,5,no,f11d47b1-d127-50fb-aa37-79af04d58518
KXJLEAGUEGAME-25NOV09MACTOK-MAC,2025-11-09T06:45:28.453191Z,0.19,30,no,e4f1071d-4228-5a17-8fc2-0f965883e5c4
KXJLEAGUEGAME-25NOV09MACTOK-MAC,2025-11-09T06:45:28.453191Z,0.19,66,no,70fc5e8e-2419-57df-b058-9a689b982554
KXJLEAGUEGAME-25NOV09MACTOK-MAC,2025-11-09T06:45:02.944263Z,0.23,22,yes,d88b50d9-cd45-7893-3b08-5761bdc045d6
KXJLEAGUEGAME-25NOV09MACTOK-MAC,2025-11-09T06:44:50.010448Z,0.23,41,yes,1fd01c24-0cd5-606b-3eec-0e8af23b32aa
KXJLEAGUEGAME-25NOV09MACTOK-MAC,2025-11-09T06:44:43.020954Z,0.23,41,yes,1fe49f37-fdd1-6b7d-b9c5-662ae1e6b58b
KXJLEAGUEGAME-25NOV09MACTOK-MAC,2025-11-09T06:44:29.34573Z,0.24,5,no,abf29da2-1841-7010-5bbc-f2dd519db7a5
KXJLEAGUEGAME-25NOV09MACTOK-MAC,2025-11-09T06:44:29.34573Z,0.24,51,no,a2f7a1ae-fbdd-704b-7327-ee61a71ac3f8
KXJLEAGUEGAME-25NOV09MACTOK-MAC,2025-11-09T06:44:23.216861Z,0.25,12,yes,a91c5e34-ea02-4883-1d4f-673988f7a295
KXJLEAGUEGAME-25NOV09MACTOK-MAC,2025-11-09T06:44:23.216861Z,0.25,38,yes,3b1c0fb2-c911-4d8b-3065-715991b3a5dd
KXJLEAGUEGAME-25NOV09MACTOK-MAC,2025-11-09T06:44:08.983566Z,0.25,22,yes,1c9510b9-9db8-5144-fb9c-685f4b13e11c
KXJLEAGUEGAME-25NOV09MACTOK-MAC,2025-11-09T06:41:27.230091Z,0.25,174,no,97ca1ec5-9e86-68da-0eef-91743c68bf18
KXJLEAGUEGAME-25NOV09MACTOK-MAC,2025-11-09T06:40:41.77941Z,0.28,3,yes,049b8366-1123-648d-9bf9-1f8495adef38
KXJLEAGUEGAME-25NOV09MACTOK-MAC,2025-11-09T06:40:03.405465Z,0.29,114,yes,b0d1dba0-1e88-463d-b085-fd3f6a2dd9f8
KXJLEAGUEGAME-25NOV09MACTOK-MAC,2025-11-09T06:40:03.099498Z,0.27,14,no,5def8c33-0d72-764b-6bc6-1e4ad2da6b07
KXJLEAGUEGAME-25NOV09MACTOK-MAC,2025-11-09T06:38:25.444982Z,0.31,122,yes,e158787b-a4d6-4753-3da8-891144b3c971
KXJLEAGUEGAME-25NOV09MACTOK-MAC,2025-11-09T06:38:12.31579Z,0.31,300,yes,8a3c535a-9f0b-571d-748e-c5e64ab33e06
KXJLEAGUEGAME-25NOV09MACTOK-MAC,2025-11-09T06:38:12.31579Z,0.31,209,yes,4c2eef20-d8b0-58ff-6c63-9f1eb8dd78f7
KXJLEAGUEGAME-25NOV09MACTOK-MAC,2025-11-09T06:35:06.382873Z,0.34,95,yes,82a81a7b-ae64-6fe1-ba38-b74b0d565c46
KXJLEAGUEGAME-25NOV09MACTOK-MAC,2025-11-09T06:35:03.241644Z,0.34,9,yes,3d518325-c078-72f1-cdba-7aaf9eb359de
KXJLEAGUEGAME-25NOV09MACTOK-MAC,2025-11-09T06:34:08.750047Z,0.35,273,yes,1be210f8-1969-7bcb-655b-14a046aee11d
KXJLEAGUEGAME-25NOV09MACTOK-MAC,2025-11-09T06:34:05.160428Z,0.35,3,yes,6a697dc3-2d09-4763-0aa3-affa75bbfe7d
KXJLEAGUEGAME-25NOV09MACTOK-MAC,2025-11-09T06:33:24.568906Z,0.36,2,yes,0cde0e6a-bf2b-48b8-c04d-d9a858f9beba
KXJLEAGUEGAME-25NOV09MACTOK-MAC,2025-11-09T06:32:56.132989Z,0.36,200,yes,1ce23865-9854-6290-2595-ed367c38203e
KXJLEAGUEGAME-25NOV09MACTOK-MAC,2025-11-09T06:25:34.535544Z,0.39,14,yes,cb865f98-719c-7866-53a3-d138e8ae3a44
KXJLEAGUEGAME-25NOV09MACTOK-MAC,2025-11-09T06:20:53.090969Z,0.42,11,yes,dce97358-bfc9-7382-137e-69a3c0337936
KXJLEAGUEGAME-25NOV09MACTOK-MAC,2025-11-09T06:18:09.529989Z,0.43,8,yes,8347db79-f2ac-78ee-8144-ca985d36ae30
KXJLEAGUEGAME-25NOV09MACTOK-MAC,2025-11-09T06:14:56.149325Z,0.46,20,yes,f4002ac3-6652-429d-0de7-12ddcb7a30a0
KXJLEAGUEGAME-25NOV09MACTOK-MAC,2025-11-09T06:13:49.430777Z,0.47,2,yes,7b1b7583-67dd-68b3-c723-ed57d19b924d
KXJLEAGUEGAME-25NOV09MACTOK-MAC,2025-11-09T06:13:25.099379Z,0.47,156,yes,8b8d3567-b604-52b1-4880-f90fa97cb04e
KXJLEAGUEGAME-25NOV09MACTOK-MAC,2025-11-09T06:13:23.353182Z,0.48,6,yes,06a2c1e6-cc2f-556f-8f6f-ad1ade063e3c
KXJLEAGUEGAME-25NOV09MACTOK-MAC,2025-11-09T06:12:17.408452Z,0.49,14,no,5b8ab1dc-8a6e-4df8-dbfa-afd83593ae12
KXJLEAGUEGAME-25NOV09MACTOK-MAC,2025-11-09T06:10:22.873595Z,0.51,47,yes,f30bc41b-1c1f-4b7f-74e7-5ef7c7697bcb
KXJLEAGUEGAME-25NOV09MACTOK-MAC,2025-11-09T06:08:37.54612Z,0.49,45,no,25f958d3-0746-7abc-edf1-dc9100fc5c56
KXJLEAGUEGAME-25NOV09MACTOK-MAC,2025-11-09T06:06:19.233385Z,0.5,28,yes,32085a18-6f31-7a78-71a5-a48ec7efa797
KXJLEAGUEGAME-25NOV09MACTOK-MAC,2025-11-09T06:02:23.08083Z,0.5,174,yes,73c823ff-0102-55b8-cae6-bfc30fe03416
KXJLEAGUEGAME-25NOV09MACTOK-MAC,2025-11-09T05:59:47.469896Z,0.51,8,yes,c5c2941e-cb48-44cc-4a94-c3601b18ae52
KXJLEAGUEGAME-25NOV09MACTOK-MAC,2025-11-09T05:59:47.469896Z,0.5,20,yes,9d52754f-6b4c-41d6-7d42-bfcad28c695b
KXJLEAGUEGAME-25NOV09MACTOK-MAC,2025-11-09T05:58:47.343496Z,0.5,48,yes,b06603f7-b61c-548a-ed92-f05681374457
KXJLEAGUEGAME-25NOV09MACTOK-MAC,2025-11-09T05:58:30.947535Z,0.5,54,yes,846b28e7-3548-60aa-d000-f26a8383bd6b
KXJLEAGUEGAME-25NOV09MACTOK-MAC,2025-11-09T05:57:05.88685Z,0.5,32,yes,d0f1a45c-e468-76ca-a449-8db38f9ab1af
KXJLEAGUEGAME-25NOV09MACTOK-MAC,2025-11-09T05:56:55.612308Z,0.5,17,yes,46c6e2d5-e684-5c82-a2da-cd045f2fa7c7
KXJLEAGUEGAME-25NOV09MACTOK-MAC,2025-11-09T05:56:36.336968Z,0.5,11,yes,c3242512-785c-717e-33d3-8062a8f637b7
KXJLEAGUEGAME-25NOV09MACTOK-MAC,2025-11-09T05:56:05.069425Z,0.5,17,yes,b1a0ad02-05d0-736e-442a-b70a3b069ce7
KXJLEAGUEGAME-25NOV09MACTOK-MAC,2025-11-09T05:54:47.228281Z,0.5,36,yes,a3a3aa72-5290-7d96-86b1-4465103daf73
KXJLEAGUEGAME-25NOV09MACTOK-MAC,2025-11-09T05:54:35.26526Z,0.5,28,yes,73644ba7-fd5c-4bf2-afb5-7d90b0fcf07b
KXJLEAGUEGAME-25NOV09MACTOK-MAC,2025-11-09T05:45:57.896818Z,0.51,100,yes,f6f87c15-3cf1-7b97-1bb1-b74fa76200d6
KXJLEAGUEGAME-25NOV09MACTOK-MAC,2025-11-09T05:43:37.44711Z,0.53,36,yes,bc0e4c54-a0bc-7945-0a1d-6580ae9a09b9
KXJLEAGUEGAME-25NOV09MACTOK-MAC,2025-11-09T05:18:23.581575Z,0.49,166,yes,f930c0db-23d6-54b5-6848-4c8401241616
KXJLEAGUEGAME-25NOV09MACTOK-MAC,2025-11-09T05:18:23.581575Z,0.49,300,yes,2517c9c5-6b33-5974-70b5-39692b5c541d
KXJLEAGUEGAME-25NOV09MACTOK-MAC,2025-11-09T05:14:44.996593Z,0.49,25,yes,397cc39e-c2f7-6042-71b7-668360a12662
KXJLEAGUEGAME-25NOV09MACTOK-MAC,2025-11-09T05:13:21.996227Z,0.48,100,yes,4f5e04e1-44bf-7cf9-fc76-c59b4db75604
KXJLEAGUEGAME-25NOV09MACTOK-MAC,2025-11-09T05:12:15.744682Z,0.47,20,yes,9b2d5b55-67d1-682e-0b9f-96b52a303234
KXJLEAGUEGAME-25NOV09MACTOK-MAC,2025-11-09T05:06:37.567031Z,0.48,40,yes,688cdaa0-d624-75c7-b859-c1f12a69cc53
KXJLEAGUEGAME-25NOV09MACTOK-MAC,2025-11-09T04:17:39.712186Z,0.51,140,yes,654b766b-ba81-7b5d-fed7-31e9db45dcb9
KXJLEAGUEGAME-25NOV09MACTOK-MAC,2025-11-09T04:15:41.56338Z,0.51,22,yes,f1238c06-a324-67dd-9bfd-dd5e7c7beed7
KXJLEAGUEGAME-25NOV09MACTOK-MAC,2025-11-09T04:15:41.56338Z,0.51,657,yes,9b1c3137-bc03-6f6f-aede-958ced35355a
KXJLEAGUEGAME-25NOV09MACTOK-MAC,2025-11-09T04:15:41.56338Z,0.51,264,yes,7a6295b6-3879-6971-a371-a3e5f8354a65
KXJLEAGUEGAME-25NOV09MACTOK-MAC,2025-11-09T04:15:41.56338Z,0.52,4,yes,2bac8a6d-d07a-6de1-8130-991b306fff57
KXJLEAGUEGAME-25NOV09MACTOK-MAC,2025-11-09T04:12:55.461554Z,0.51,47,yes,a6dbe329-14ed-65ed-ec1f-b8f12d0b8dc5
KXJLEAGUEGAME-25NOV09MACTOK-MAC,2025-11-09T04:04:51.950141Z,0.54,3,yes,5f2a263d-9f04-4a98-1e6b-0c8121102917
KXJLEAGUEGAME-25NOV09MACTOK-MAC,2025-11-09T03:04:04.163066Z,0.54,26,yes,3bab4ad8-86b6-530d-e6c3-fa3523825ca3
KXJLEAGUEGAME-25NOV09MACTOK-MAC,2025-11-09T02:57:16.612619Z,0.53,7,yes,f2c5da3f-c287-51f8-dd43-57c03eff6e03
KXJLEAGUEGAME-25NOV09MACTOK-MAC,2025-11-09T02:07:33.694906Z,0.53,213,yes,8dc94815-706b-6c5f-74ab-855a6ea2c9b4
KXJLEAGUEGAME-25NOV09MACTOK-MAC,2025-11-09T02:07:33.694906Z,0.54,149,yes,57bff444-6289-6aba-78fd-2c24c1f95ec5
KXJLEAGUEGAME-25NOV09MACTOK-MAC,2025-11-08T23:31:14.779471Z,0.57,166,yes,9afe1f59-9d3d-73ae-4403-7dd47395b4ce
KXJLEAGUEGAME-25NOV09MACTOK-MAC,2025-11-08T23:31:14.779471Z,0.56,4,yes,0eb05a74-8e67-7392-5e67-c863a7d84278
KXJLEAGUEGAME-25NOV09MACTOK-MAC,2025-11-08T19:16:04.816421Z,0.89,1,yes,a5d740c0-5ac8-4d30-255b-3db9ad0dff9e
