ticker,created_time,price,count,taker_side,trade_id
KXJLEAGUEGAME-25NOV09MACTOK-TOK,2025-11-09T07:00:41.20012Z,0.99,11,no,d167ce14-f385-550d-430d-4f1870a3cd11
KXJLEAGUEGAME-25NOV09MACTOK-TOK,2025-11-09T06:58:53.317057Z,0.99,80,no,b010289d-6d49-5da1-66cd-c03251ffc1f5
KXJLEAGUEGAME-25NOV09MACTOK-TOK,2025-11-09T06:57:21.246656Z,0.99,100,no,3c5f239b-47f5-67b9-e849-cb20f844da09
KXJLEAGUEGAME-25NOV09MACTOK-TOK,2025-11-09T06:57:17.468553Z,0.99,94,no,af5f78d7-6edd-7785-d4c2-1dcffb717f21
KXJLEAGUEGAME-25NOV09MACTOK-TOK,2025-11-09T06:57:15.224962Z,0.99,59,no,0920e848-4bf5-59cd-2888-78c71379dee1
KXJLEAGUEGAME-25NOV09MACTOK-TOK,2025-11-09T06:57:11.186791Z,0.99,20,no,7da0bb90-1dcd-6ad9-1324-a1f3f37f7a71
KXJLEAGUEGAME-25NOV09MACTOK-TOK,2025-11-09T06:57:09.602579Z,0.99,27,no,9b657c53-c39d-668d-1978-210ba6c0a43d
KXJLEAGUEGAME-25NOV09MACTOK-TOK,2025-11-09T06:57:03.44396Z,0.99,50,no,7a138b2c-4985-5d99-dd5b-3728a2715691
KXJLEAGUEGAME-25NOV09MACTOK-TOK,2025-11-09T06:56:52.000445Z,0.5,17,no,f55a9500-1391-7fe1-a290-46b09c6ca3ba
KXJLEAGUEGAME-25NOV09MACTOK-TOK,2025-11-09T06:56:52.000445Z,0.51,117,no,a1af8882-95b6-7744-b98a-78056132c246
KXJLEAGUEGAME-25NOV09MACTOK-TOK,2025-11-09T06:56:52.000445Z,0.58,100,no,03fdf9ce-4d17-7473-a9b7-f16cb0d3675b
KXJLEAGUEGAME-25NOV09MACTOK-TOK,2025-11-09T06:55:50.019555Z,0.99,10,yes,b493d132-dcd4-6f8a-1d0c-f65bd7088ddd
KXJLEAGUEGAME-25NOV09MACTOK-TOK,2025-11-09T06:55:38.995409Z,0.99,2,yes,bd0722df-5ca6-5370-0934-d75947ee4986
KXJLEAGUEGAME-25NOV09MACTOK-TOK,2025-11-09T06:55:38.995409Z,0.99,2,yes,292eba3a-d6a8-5b8e-3b31-0ad2b223318d
KXJLEAGUEGAME-25NOV09MACTOK-TOK,2025-11-09T06:55:38.755935Z,0.99,120,yes,d45cc69d-0b31-5e3a-2d5b-efc022dce8f3
KXJLEAGUEGAME-25NOV09MACTOK-TOK,2025-11-09T06:55:38.755935Z,0.99,298,yes,b549c055-af5e-59dc-0966-cebf0704561a
KXJLEAGUEGAME-25NOV09MACTOK-TOK,2025-11-09T06:55:38.755935Z,0.99,76,yes,abdcb1e6-f374-5fd4-179f-87e3b8887ee9
KXJLEAGUEGAME-25NOV09MACTOK-TOK,2025-11-09T06:55:38.294884Z,0.97,86,no,341ee7d5-7522-791a-7118-faa9a7d030cd
KXJLEAGUEGAME-25NOV09MACTOK-TOK,2025-11-09T06:55:38.294884Z,0.97,18,no,0f61d3c2-4e10-7579-4cb9-e0f0832ab378
KXJLEAGUEGAME-25NOV09MACTOK-TOK,2025-11-09T06:55:32.114617Z,0.97,2,no,90e10153-dcb0-5a99-9f4b-390f8655b628
KXJLEAGUEGAME-25NOV09MACTOK-TOK,2025-11-09T06:54:00.71562Z,0.99,2,yes,edf85f93-7831-4b6e-f410-23a9b5e984e3
KXJLEAGUEGAME-25NOV09MACTOK-TOK,2025-11-09T06:53:48.037007Z,0.97,1,yes,34ff0c52-d1eb-654f-4c86-0496998e6c7b
KXJLEAGUEGAME-25NOV09MACTOK-TOK,2025-11-09T06:53:36.196425Z,0.97,1,yes,56d9c2e5-ec7b-6d17-f555-b8ad5596e363
KXJLEAGUEGAME-25NOV09MACTOK-TOK,2025-11-09T06:53:26.52889Z,0.97,20,yes,6a855b0c-f79f-5ef3-3848-eb79b1531043
KXJLEAGUEGAME-25NOV09MACTOK-TOK,2025-11-09T06:53:07.86779Z,0.97,5,yes,5a1abbd3-121f-75e3-f836-cae8203f143f
KXJLEAGUEGAME-25NOV09MACTOK-TOK,2025-11-09T06:53:01.398166Z,0.95,1,no,ccfb9c22-d340-4126-73b7-260a099a01d0
KXJLEAGUEGAME-25NOV09MACTOK-TOK,2025-11-09T06:53:01.398166Z,0.95,126,no,75092f7b-f2b9-486b-5d9c-a246f10b0ff1
KXJLEAGUEGAME-25NOV09MACTOK-TOK,2025-11-09T06:52:59.788206Z,0.95,154,no,b03d91bb-e9c9-4cf3-5253-63e03e6e80dd
KXJLEAGUEGAME-25NOV09MACTOK-TOK,2025-11-09T06:52:57.951625Z,0.95,55,no,b922f68a-cb09-59b3-92fe-7900204327ad
KXJLEAGUEGAME-25NOV09MACTOK-TOK,2025-11-09T06:52:48.348442Z,0.95,53,no,04babd7f-f435-41d7-c1a5-497e7235991d
KXJLEAGUEGAME-25NOV09MACTOK-TOK,2025-11-09T06:52:45.979453Z,0.95,47,no,5f958424-7f0d-5b77-bfc2-96782ed85391
KXJLEAGUEGAME-25NOV09MACTOK-TOK,2025-11-09T06:52:38.459961Z,0.98,1,yes,c1939333-4230-48ef-944a-490abbad14f0
KXJLEAGUEGAME-25NOV09MACTOK-TOK,2025-11-09T06:52:37.87929Z,0.95,104,no,33bb7ec7-1a01-68c7-4ff0-c76df1648229
KXJLEAGUEGAME-25NOV09MACTOK-TOK,2025-11-09T06:52:36.923054Z,0.95,55,no,007a18e0-6269-658b-79a1-f4f2c99a1a29
KXJLEAGUEGAME-25NOV09MACTOK-TOK,2025-11-09T06:52:31.869447Z,0.95,53,no,d98002b7-b4c1-419b-25c4-0388b0e4ab55
KXJLEAGUEGAME-25NOV09MACTOK-TOK,2025-11-09T06:52:29.332066Z,0.95,405,no,55e31ca7-3ca9-7a97-0d85-0c592fda4c39
KXJLEAGUEGAME-25NOV09MACTOK-TOK,2025-11-09T06:52:28.930339Z,0.95,11,no,8e9cfaaf-d8f9-4eeb-5a33-e7817e349155
KXJLEAGUEGAME-25NOV09MACTOK-TOK,2025-11-09T06:52:27.821965Z,0.95,132,no,8523951f-f74d-4953-d283-747b8a467359
KXJLEAGUEGAME-25NOV09MACTOK-TOK,2025-11-09T06:52:26.833677Z,0.95,7,no,c6813041-a8ed-54fb-e232-293a8d84adc1
KXJLEAGUEGAME-25NOV09MACTOK-TOK,2025-11-09T06:52:26.189063Z,0.95,10,no,128eb9f8-9529-4bd7-4aa8-0fc19bca24c9
KXJLEAGUEGAME-25NOV09MACTOK-TOK,2025-11-09T06:52:23.348086Z,0.95,376,no,8790f690-e6ad-75cf-d272-4413063d9511
KXJLEAGUEGAME-25NOV09MACTOK-TOK,2025-11-09T06:52:23.309713Z,0.95,498,no,b89b3b86-ba49-56af-603f-47134847c7c1
KXJLEAGUEGAME-25NOV09MACTOK-TOK,2025-11-09T06:52:23.271888Z,0.95,494,no,c0910fff-d88d-4743-7bcf-709027b5d375
KXJLEAGUEGAME-25NOV09MACTOK-TOK,2025-11-09T06:52:23.268304Z,0.95,120,no,38bf54c2-d99d-61a7-78cb-1ca05ea194f9
KXJLEAGUEGAME-25NOV09MACTOK-TOK,2025-11-09T06:52:14.963026Z,0.95,95,yes,d3cb3fec-46ed-6f33-0925-6dd19f206ded
KXJLEAGUEGAME-25NOV09MACTOK-TOK,2025-11-09T06:52:11.495926Z,0.96,100,yes,5c5255fb-71e7-4649-a3d3-f2da92e09bf8
KXJLEAGUEGAME-25NOV09MACTOK-TOK,2025-11-09T06:52:11.495926Z,0.96,59,yes,3061b627-59a2-4774-8340-af607784a950
KXJLEAGUEGAME-25NOV09MACTOK-TOK,2025-11-09T06:52:11.495926Z,0.95,141,yes,0fe54b15-9c45-476f-9d5d-59426a481058
KXJLEAGUEGAME-25NOV09MACTOK-TOK,2025-11-09T06:52:05.955078Z,0.95,91,yes,bdd686d8-e121-6371-f8a1-79fe4bcfa2cd
KXJLEAGUEGAME-25NOV09MACTOK-TOK,2025-11-09T06:52:05.955078Z,0.87,119,yes,aeaef6ac-a1c0-6ba4-d485-8115419c92e1
KXJLEAGUEGAME-25NOV09MACTOK-TOK,2025-11-09T06:52:05.955078Z,0.95,19,yes,a21e01f1-0cc3-6afc-c25f-91187cf17a10
KXJLEAGUEGAME-25NOV09MACTOK-TOK,2025-11-09T06:52:05.955078Z,0.95,140,yes,4b5d6225-84ba-689d-ec6c-523f70302b4b
KXJLEAGUEGAME-25NOV09MACTOK-TOK,2025-11-09T06:52:05.955078Z,0.94,140,yes,12f7ac8c-179c-6e97-f191-3e2143d93dfa
KXJLEAGUEGAME-25NOV09MACTOK-TOK,2025-11-09T06:52:05.597765Z,0.87,19,yes,cc720749-3e3c-4074-3367-c75809438419
KXJLEAGUEGAME-25NOV09MACTOK-TOK,2025-11-09T06:52:05.540338Z,0.95,19,no,fd698452-edba-5a15-8a17-7866fc3a06d7
KXJLEAGUEGAME-25NOV09MACTOK-TOK,2025-11-09T06:51:59.024614Z,0.98,25,yes,c4512c84-f413-771a-0828-31675fc3bba7
KXJLEAGUEGAME-25NOV09MACTOK-TOK,2025-11-09T06:51:59.024614Z,0.95,50,yes,56b8b386-cbfb-7ec6-3b79-14998db4fd81
KXJLEAGUEGAME-25NOV09MACTOK-TOK,2025-11-09T06:51:47.051912Z,0.95,50,yes,f0c0e2c4-1ae2-56f3-40e7-18043d371f39
KXJLEAGUEGAME-25NOV09MACTOK-TOK,2025-11-09T06:51:36.250355Z,0.95,1,yes,97e12756-a9ea-4441-780a-916d955957c4
KXJLEAGUEGAME-25NOV09MACTOK-TOK,2025-11-09T06:51:32.683912Z,0.95,104,yes,625cd43a-1532-5736-2bec-b8796300e1f3
KXJLEAGUEGAME-25NOV09MACTOK-TOK,2025-11-09T06:51:24.391136Z,0.98,104,yes,faab4e6c-9c8e-6ae4-8ae6-6eb62a406525
KXJLEAGUEGAME-25NOV09MACTOK-TOK,2025-11-09T06:51:24.391136Z,0.97,117,yes,a84fe808-fd9e-6b12-9ae4-33605ac436cd
KXJLEAGUEGAME-25NOV09MACTOK-TOK,2025-11-09T06:51:24.391136Z,0.96,120,yes,97006b13-4c33-6769-9fc5-d3b5b1e6e503
KXJLEAGUEGAME-25NOV09MACTOK-TOK,2025-11-09T06:51:24.391136Z,0.97,103,yes,942579d9-d8d0-6cd4-84bf-5427cdc0ea83
KXJLEAGUEGAME-25NOV09MACTOK-TOK,2025-11-09T06:51:24.391136Z,0.98,63,yes,75483b50-d24d-66f3-bf88-4ae1fedb2c5f
KXJLEAGUEGAME-25NOV09MACTOK-TOK,2025-11-09T06:51:24.391136Z,0.98,105,yes,1474e0b3-3473-63c4-8dbf-ae665a6dbca5
KXJLEAGUEGAME-25NOV09MACTOK-TOK,2025-11-09T06:51:02.651064Z,0.82,6,no,6267ce96-fc64-7346-2600-78969a9033e9
KXJLEAGUEGAME-25NOV09MACTOK-TOK,2025-11-09T06:50:57.906746Z,0.9,67,yes,db22af75-b72a-65f6-b6eb-3de274c78de1
KXJLEAGUEGAME-25NOV09MACTOK-TOK,2025-11-09T06:50:57.906746Z,0.89,39,yes,885888bc-b123-6bcc-b747-794487bb4cac
KXJLEAGUEGAME-25NOV09MACTOK-TOK,2025-11-09T06:50:57.906746Z,0.9,4,yes,742f7dcf-7a8e-62f3-9c51-555bd1659d42
KXJLEAGUEGAME-25NOV09MACTOK-TOK,2025-11-09T06:50:57.234913Z,0.89,27,yes,ba524793-2003-6908-8713-f6261fbabae8
KXJLEAGUEGAME-25NOV09MACTOK-TOK,2025-11-09T06:50:57.210388Z,0.82,4,no,1e9e3f91-69c4-72e6-b7f6-b5edc466c089
KXJLEAGUEGAME-25NOV09MACTOK-TOK,2025-11-09T06:50:42.350741Z,0.89,22,yes,ad2ba8a7-c17b-424c-a8b0-6e5ecca0cda4
KXJLEAGUEGAME-25NOV09MACTOK-TOK,2025-11-09T06:50:28.36877Z,0.87,58,yes,91ac11fa-1672-4dff-a1c0-94d1f98015e8
KXJLEAGUEGAME-25NOV09MACTOK-TOK,2025-11-09T06:50:28.36877Z,0.85,15,yes,8b2b6b39-3690-45cc-b5f3-49ee01773cc9
KXJLEAGUEGAME-25NOV09MACTOK-TOK,2025-11-09T06:50:28.323503Z,0.22,29,no,56a46105-3c40-43c9-b021-8bdd2b494619
KXJLEAGUEGAME-25NOV09MACTOK-TOK,2025-11-09T06:50:14.790955Z,0.85,2,yes,3f6c5814-b917-4a57-744f-e2f846d0d2d6
KXJLEAGUEGAME-25NOV09MACTOK-TOK,2025-11-09T06:50:13.510263Z,0.85,1,yes,c79ea508-50a7-536b-feb5-630524f95282
KXJLEAGUEGAME-25NOV09MACTOK-TOK,2025-11-09T06:50:03.878766Z,0.85,5,yes,8e8c2643-8af3-6833-c7e8-bd959ff883d6
KXJLEAGUEGAME-25NOV09MACTOK-TOK,2025-11-09T06:49:52.283455Z,0.85,122,yes,03ef697d-f663-6bff-4eba-6aa55f181ace
KXJLEAGUEGAME-25NOV09MACTOK-TOK,2025-11-09T06:49:46.745466Z,0.85,116,yes,518323a1-d33f-4cdb-ff68-5a631d0666ca
KXJLEAGUEGAME-25NOV09MACTOK-TOK,2025-11-09T06:49:33.255752Z,0.99,578,yes,ef07b60a-7911-7332-8414-b5ee1ab84a7b
KXJLEAGUEGAME-25NOV09MACTOK-TOK,2025-11-09T06:49:33.255752Z,0.98,200,yes,ee436230-8c77-7a08-ab55-02f51225edff
KXJLEAGUEGAME-25NOV09MACTOK-TOK,2025-11-09T06:49:33.255752Z,0.99,1000,yes,d64aab91-094b-7876-8a08-c4a885e597a9
KXJLEAGUEGAME-25NOV09MACTOK-TOK,2025-11-09T06:49:33.255752Z,0.99,500,yes,c5dcf04f-5137-776e-87d9-93fef541a5f9
KXJLEAGUEGAME-25NOV09MACTOK-TOK,2025-11-09T06:49:33.255752Z,0.99,200,yes,be7a3afc-bc69-7b06-88af-b342bb6bc20c
KXJLEAGUEGAME-25NOV09MACTOK-TOK,2025-11-09T06:49:33.255752Z,0.94,750,yes,b643cfb2-de41-769d-8400-376d58157f9d
KXJLEAGUEGAME-25NOV09MACTOK-TOK,2025-11-09T06:49:33.255752Z,0.94,500,yes,861d90d7-fcd0-7435-aa32-67a5b72495b5
KXJLEAGUEGAME-25NOV09MACTOK-TOK,2025-11-09T06:49:33.255752Z,0.97,117,yes,80f945e1-d380-7ca2-84ac-af4a5946cda3
KXJLEAGUEGAME-25NOV09MACTOK-TOK,2025-11-09T06:49:33.255752Z,0.98,700,yes,6206734a-db1b-72ce-a633-484036da4d46
KXJLEAGUEGAME-25NOV09MACTOK-TOK,2025-11-09T06:49:33.255752Z,0.99,200,yes,5085e982-69a3-76c0-807a-aa4326c5395f
KXJLEAGUEGAME-25NOV09MACTOK-TOK,2025-11-09T06:49:33.255752Z,0.97,117,yes,3e2c2db7-701d-72f5-b1ba-24f0459a04b6
KXJLEAGUEGAME-25NOV09MACTOK-TOK,2025-11-09T06:49:33.255752Z,0.94,800,yes,1e99af15-8fc4-7cb7-a548-cd1948a92066
KXJLEAGUEGAME-25NOV09MACTOK-TOK,2025-11-09T06:49:31.363784Z,0.94,50,yes,be4e076a-4905-7055-a209-6050925892e5
KXJLEAGUEGAME-25NOV09MACTOK-TOK,2025-11-09T06:49:28.92559Z,0.92,110,yes,f0c8a1fb-c7fc-71b6-9966-dfc9780f5b97
KXJLEAGUEGAME-25NOV09MACTOK-TOK,2025-11-09T06:49:28.92559Z,0.89,32,yes,e5a1b2c3-e589-73eb-951c-8c48a9b07b90
KXJLEAGUEGAME-25NOV09MACTOK-TOK,2025-11-09T06:49:28.087933Z,0.89,11,yes,4a4f8269-5c5d-5e97-3900-ec10e5513348
KXJLEAGUEGAME-25NOV09MACTOK-TOK,2025-11-09T06:49:22.337284Z,0.89,13,yes,143a9979-4c55-6ff3-101f-f666e1b9c8bc
KXJLEAGUEGAME-25NOV09MACTOK-TOK,2025-11-09T06:49:22.164603Z,0.89,84,yes,f3b77052-4d15-4a47-f104-6758201ec2a0
KXJLEAGUEGAME-25NOV09MACTOK-TOK,2025-11-09T06:49:21.184691Z,0.89,2,yes,dacb28a0-6189-422f-ba4d-c3ed82b6e798
KXJLEAGUEGAME-25NOV09MACTOK-TOK,2025-11-09T06:49:13.11531Z,0.88,51,yes,ecde90fc-34ef-752a-52ad-60c64c1c3d77
KXJLEAGUEGAME-25NOV09MACTOK-TOK,2025-11-09T06:49:13.11531Z,0.86,118,yes,b66b5131-e057-76a7-4039-b59f0d2fcc87
KXJLEAGUEGAME-25NOV09MACTOK-TOK,2025-11-09T06:49:13.11531Z,0.86,59,yes,3fd6b2c2-6d5c-75ee-695e-c4baea585b92
KXJLEAGUEGAME-25NOV09MACTOK-TOK,2025-11-09T06:49:12.526158Z,0.85,14,yes,97986042-cff7-51db-5d90-ddd3e80f8586
KXJLEAGUEGAME-25NOV09MACTOK-TOK,2025-11-09T06:49:12.526158Z,0.86,24,yes,044711c9-7807-5af7-4336-7a8240c28cb3
KXJLEAGUEGAME-25NOV09MACTOK-TOK,2025-11-09T06:49:08.228511Z,0.57,64,yes,d9084b51-e137-4054-2414-3522b4228d42
KXJLEAGUEGAME-25NOV09MACTOK-TOK,2025-11-09T06:49:08.228511Z,0.52,23,yes,8b4db34f-5c2c-4ac7-331b-e1d1a5885719
KXJLEAGUEGAME-25NOV09MACTOK-TOK,2025-11-09T06:49:06.828818Z,0.5,1,yes,ca0ce14f-066e-50d3-d47c-b065c579b791
KXJLEAGUEGAME-25NOV09MACTOK-TOK,2025-11-09T06:49:06.828818Z,0.52,2,yes,6612639a-123c-5713-e174-ff26e518c4a9
KXJLEAGUEGAME-25NOV09MACTOK-TOK,2025-11-09T06:49:03.776515Z,0.5,28,yes,99e9b719-3a56-628b-f579-08ef84c9bad5
KXJLEAGUEGAME-25NOV09MACTOK-TOK,2025-11-09T06:49:02.830592Z,0.5,2,yes,bd378542-8962-632f-b9f3-8db4b1f24a79
KXJLEAGUEGAME-25NOV09MACTOK-TOK,2025-11-09T06:49:01.893138Z,0.5,9,yes,ca1a2974-d42e-7c7f-b7ba-04b780ef7ed5
KXJLEAGUEGAME-25NOV09MACTOK-TOK,2025-11-09T06:48:57.611057Z,0.38,25,yes,f91f1831-42fc-4416-c3b3-8dbc3c38afbf
KXJLEAGUEGAME-25NOV09MACTOK-TOK,2025-11-09T06:48:57.611057Z,0.28,8,yes,e0084ebb-2371-424e-e372-fccff60e804a
KXJLEAGUEGAME-25NOV09MACTOK-TOK,2025-11-09T06:48:57.611057Z,0.49,17,yes,8d5a1937-5b2b-4670-cc0b-558617390d67
KXJLEAGUEGAME-25NOV09MACTOK-TOK,2025-11-09T06:48:57.611057Z,0.37,10,yes,7cbbc27a-f034-4ae8-e3f2-fd4cc0477e27
KXJLEAGUEGAME-25NOV09MACTOK-TOK,2025-11-09T06:48:57.611057Z,0.36,117,yes,5a7654dc-1537-45f8-ec49-ee0056208ff3
KXJLEAGUEGAME-25NOV09MACTOK-TOK,2025-11-09T06:48:57.610773Z,0.28,17,yes,bfbb838f-4dd1-4272-de75-cd7a2482ed42
KXJLEAGUEGAME-25NOV09MACTOK-TOK,2025-11-09T06:48:57.610773Z,0.23,3,yes,2d471f1d-0290-423e-c561-bd9e6e17ab19
KXJLEAGUEGAME-25NOV09MACTOK-TOK,2025-11-09T06:48:52.489054Z,0.02,48,no,11c51085-541d-5d03-1876-ceab5c6b30cf
KXJLEAGUEGAME-25NOV09MACTOK-TOK,2025-11-09T06:48:52.465502Z,0.23,22,yes,e1cfee30-5818-5f16-630e-7e9b77bead81
KXJLEAGUEGAME-25NOV09MACTOK-TOK,2025-11-09T06:48:52.465502Z,0.21,25,yes,b02b0a55-4d63-557b-5f2b-6b88b208cdec
KXJLEAGUEGAME-25NOV09MACTOK-TOK,2025-11-09T06:48:52.465502Z,0.2,2,yes,5a26bde3-42fd-5440-51ea-783bc6535e27
KXJLEAGUEGAME-25NOV09MACTOK-TOK,2025-11-09T06:48:50.085432Z,0.14,25,yes,c2b7a5da-9310-5460-a73f-72cf5fc5f479
KXJLEAGUEGAME-25NOV09MACTOK-TOK,2025-11-09T06:48:50.085432Z,0.14,36,yes,b392d228-2895-59be-8329-20dd6bbde37c
KXJLEAGUEGAME-25NOV09MACTOK-TOK,2025-11-09T06:48:50.085432Z,0.13,2,yes,60f5feea-40e0-5964-8b73-81740b4976af
KXJLEAGUEGAME-25NOV09MACTOK-TOK,2025-11-09T06:48:50.085432Z,0.2,69,yes,476bbf68-2d25-5768-9707-72af3fb5e4cf
KXJLEAGUEGAME-25NOV09MACTOK-TOK,2025-11-09T06:48:48.220659Z,0.13,3,yes,d9c13e07-8d7e-7e05-c315-87e94eef4bcc
KXJLEAGUEGAME-25NOV09MACTOK-TOK,2025-11-09T06:48:48.220659Z,0.14,64,yes,06b9634a-a859-7e3a-e947-b68c1f2e1630
KXJLEAGUEGAME-25NOV09MACTOK-TOK,2025-11-09T06:48:36.211088Z,0.02,6,no,d1b754c6-cec9-725b-cf5a-7cd9bc1b1343
KXJLEAGUEGAME-25NOV09MACTOK-TOK,2025-11-09T06:48:35.875668Z,0.02,30,no,e360a28d-6fed-48d7-516d-3dd353a9072f
KXJLEAGUEGAME-25NOV09MACTOK-TOK,2025-11-09T06:48:16.366316Z,0.03,2,no,907b762c-e1ec-5a3d-6f70-74dfbb7008cb
KXJLEAGUEGAME-25NOV09MACTOK-TOK,2025-11-09T06:48:13.098414Z,0.04,38,no,09b9f7a4-a05b-6374-4ae8-d0a95a2ca7b0
KXJLEAGUEGAME-25NOV09MACTOK-TOK,2025-11-09T06:48:11.427073Z,0.04,57,no,6a19c4ed-b87f-5158-cbd3-8edc45487b10
KXJLEAGUEGAME-25NOV09MACTOK-TOK,2025-11-09T06:48:09.263547Z,0.04,57,no,b7af6445-ad87-49d7-04ca-64ada843c66e
KXJLEAGUEGAME-25NOV09MACTOK-TOK,2025-11-09T06:48:05.81557Z,0.04,59,no,8ea7c5d1-7843-7677-477c-d41b0dcc427e
KXJLEAGUEGAME-25NOV09MACTOK-TOK,2025-11-09T06:48:05.242709Z,0.04,8,no,d4288ec5-e3db-53db-0e6c-04fb5b1f8a6e
KXJLEAGUEGAME-25NOV09MACTOK-TOK,2025-11-09T06:47:09.503764Z,0.06,30,no,509cf09c-82e4-5aac-da9d-d44c9816e675
KXJLEAGUEGAME-25NOV09MACTOK-TOK,2025-11-09T06:46:03.221762Z,0.09,42,yes,90da153b-85a2-40db-9bb7-8371996cbb84
KXJLEAGUEGAME-25NOV09MACTOK-TOK,2025-11-09T06:46:03.221762Z,0.09,30,yes,483a72a8-4e32-40f6-b205-dae675362fab
KXJLEAGUEGAME-25NOV09MACTOK-TOK,2025-11-09T06:46:03.221762Z,0.09,189,yes,0da14ed3-6034-44a7-a5d2-c47c2c1dcf3b
KXJLEAGUEGAME-25NOV09MACTOK-TOK,2025-11-09T06:45:38.270549Z,0.08,234,yes,52d56eb4-07c1-4a09-9203-6164f8c9e1f2
KXJLEAGUEGAME-25NOV09MACTOK-TOK,2025-11-09T06:45:28.454466Z,0.07,101,no,fe9ad483-2efb-4077-d6d5-eb2b3a914200
KXJLEAGUEGAME-25NOV09MACTOK-TOK,2025-11-09T06:45:01.125877Z,0.09,74,yes,fe6bfbd3-5e24-722b-319c-013a7c80b2af
KXJLEAGUEGAME-25NOV09MACTOK-TOK,2025-11-09T06:45:01.125877Z,0.09,30,yes,a56f5200-5828-7135-22df-eefee7ce49e1
KXJLEAGUEGAME-25NOV09MACTOK-TOK,2025-11-09T06:44:55.425898Z,0.09,146,yes,4eb86978-1d08-5c01-faac-e19384805f3c
KXJLEAGUEGAME-25NOV09MACTOK-TOK,2025-11-09T06:44:51.268599Z,0.09,8,yes,52337a46-1fac-42bd-7167-a8d90b8150b8
KXJLEAGUEGAME-25NOV09MACTOK-TOK,2025-11-09T06:44:33.289707Z,0.09,104,yes,fb31be0e-0d7c-6fc5-755a-8803a72cda48
KXJLEAGUEGAME-25NOV09MACTOK-TOK,2025-11-09T06:44:29.344365Z,0.07,56,no,fd3edec0-055f-702b-76df-d6a05b4a2088
KXJLEAGUEGAME-25NOV09MACTOK-TOK,2025-11-09T06:44:09.447549Z,0.1,28,yes,d0a09ebc-b07d-60aa-f6d3-8e6ee22606af
KXJLEAGUEGAME-25NOV09MACTOK-TOK,2025-11-09T06:43:18.668139Z,0.1,18,yes,5b25b6e7-2759-6382-1084-edb8bb08a6cb
KXJLEAGUEGAME-25NOV09MACTOK-TOK,2025-11-09T06:43:17.626691Z,0.1,94,yes,4562ac40-5565-49d2-8d3c-becacd8f0cb3
KXJLEAGUEGAME-25NOV09MACTOK-TOK,2025-11-09T06:42:29.905774Z,0.1,47,yes,d0cd8ea5-fd2f-7b4e-65b7-393b6c6a14f2
KXJLEAGUEGAME-25NOV09MACTOK-TOK,2025-11-09T06:42:10.042429Z,0.11,42,yes,80b5b9f2-e24d-5060-8fe1-f922a1ea2604
KXJLEAGUEGAME-25NOV09MACTOK-TOK,2025-11-09T06:41:19.596301Z,0.08,11,no,09895380-81c2-462b-f9d5-bc89efec19a8
KXJLEAGUEGAME-25NOV09MACTOK-TOK,2025-11-09T06:40:42.708152Z,0.11,11,yes,c10ba4cb-84f9-7b54-b6ac-665413f7b024
KXJLEAGUEGAME-25NOV09MACTOK-TOK,2025-11-09T06:38:41.413064Z,0.12,10,yes,e5dfda76-1c96-40a8-9b59-dea48992a493
KXJLEAGUEGAME-25NOV09MACTOK-TOK,2025-11-09T06:38:36.855881Z,0.12,7,yes,7d7b5887-173e-6284-0702-686594a56353
KXJLEAGUEGAME-25NOV09MACTOK-TOK,2025-11-09T06:38:28.498997Z,0.12,30,yes,f5b247a6-e183-7334-20d9-936635cfe10c
KXJLEAGUEGAME-25NOV09MACTOK-TOK,2025-11-09T06:38:28.498997Z,0.12,9,yes,6bd555fa-63b6-7e38-08aa-63a675db046f
KXJLEAGUEGAME-25NOV09MACTOK-TOK,2025-11-09T06:38:22.613959Z,0.11,256,yes,64f59342-2943-51e5-3923-78fb0d6e38f3
KXJLEAGUEGAME-25NOV09MACTOK-TOK,2025-11-09T06:38:13.26568Z,0.12,39,yes,0aba43bc-f3d9-4b1c-9472-f04431bcfd24
KXJLEAGUEGAME-25NOV09MACTOK-TOK,2025-11-09T06:35:47.130201Z,0.2,4,yes,1e441109-5815-7100-dce6-ec6d83db39b3
KXJLEAGUEGAME-25NOV09MACTOK-TOK,2025-11-09T06:34:56.591881Z,0.13,29,yes,1716deb6-7c44-7d71-510c-0f767edfd0b7
KXJLEAGUEGAME-25NOV09MACTOK-TOK,2025-11-09T06:33:51.220768Z,0.13,72,yes,200316cf-3795-68cb-de28-80c96c59657e
KXJLEAGUEGAME-25NOV09MACTOK-TOK,2025-11-09T06:32:56.109318Z,0.02,76,no,d832521e-8ee1-6a1f-296d-03625db5c12f
KXJLEAGUEGAME-25NOV09MACTOK-TOK,2025-11-09T06:32:56.109318Z,0.1,168,no,afff558b-39cb-69cc-05c6-c8cff25c74b9
KXJLEAGUEGAME-25NOV09MACTOK-TOK,2025-11-09T06:32:56.109318Z,0.13,300,no,9c471ba0-445e-6379-3c72-2ed9a6f427d2
KXJLEAGUEGAME-25NOV09MACTOK-TOK,2025-11-09T06:32:56.109318Z,0.07,200,no,6c65b27f-5425-6717-0bfd-7b7b61503683
KXJLEAGUEGAME-25NOV09MACTOK-TOK,2025-11-09T06:32:56.109318Z,0.13,38,no,6382ca3f-0058-61ce-02c4-5bfe3f455164
KXJLEAGUEGAME-25NOV09MACTOK-TOK,2025-11-09T06:32:56.109318Z,0.04,300,no,03c5350a-0183-6cec-0363-665edb8d8b87
KXJLEAGUEGAME-25NOV09MACTOK-TOK,2025-11-09T06:32:50.339531Z,0.15,30,yes,8f2091ae-81b5-4a54-6db2-8991029149ba
KXJLEAGUEGAME-25NOV09MACTOK-TOK,2025-11-09T06:26:51.400393Z,0.15,11,no,f8f1373a-6ef4-4ad4-0453-4f5b96663edd
KXJLEAGUEGAME-25NOV09MACTOK-TOK,2025-11-09T06:25:41.43436Z,0.17,22,yes,50d56031-fd24-4526-b222-36a722a0f4f2
KXJLEAGUEGAME-25NOV09MACTOK-TOK,2025-11-09T06:24:55.760101Z,0.17,27,yes,4e64f81c-4920-6212-35c3-3a7664c221fc
KXJLEAGUEGAME-25NOV09MACTOK-TOK,2025-11-09T06:22:50.920814Z,0.19,4,yes,372767ff-32f6-4d74-8a94-387a6d366787
KXJLEAGUEGAME-25NOV09MACTOK-TOK,2025-11-09T06:21:00.71771Z,0.18,15,yes,8e6c8c4b-7326-6487-0084-dbb85a55dd1b
KXJLEAGUEGAME-25NOV09MACTOK-TOK,2025-11-09T06:18:51.533861Z,0.17,27,yes,3de26972-f11e-6982-2d5c-d63561a5d220
KXJLEAGUEGAME-25NOV09MACTOK-TOK,2025-11-09T06:17:16.491263Z,0.17,27,yes,5467f2cb-e9e3-6f9c-394e-1e802cd905a9
KXJLEAGUEGAME-25NOV09MACTOK-TOK,2025-11-09T06:15:31.327471Z,0.16,28,yes,5e300337-bece-6abd-41c6-bd1e305a7798
KXJLEAGUEGAME-25NOV09MACTOK-TOK,2025-11-09T06:13:11.28633Z,0.16,19,yes,92481559-8402-44a9-a734-3a8f24c6396d
KXJLEAGUEGAME-25NOV09MACTOK-TOK,2025-11-09T06:13:11.28633Z,0.16,81,yes,3e5d8913-e818-4bbc-9552-2beff6ff6a53
KXJLEAGUEGAME-25NOV09MACTOK-TOK,2025-11-09T06:12:01.688909Z,0.16,11,yes,ba1daf46-c5f2-7f79-2136-875f4a88d0b1
KXJLEAGUEGAME-25NOV09MACTOK-TOK,2025-11-09T06:09:38.509288Z,0.15,31,yes,cc77c2e8-2cd4-7424-2152-443eeddf59e6
KXJLEAGUEGAME-25NOV09MACTOK-TOK,2025-11-09T06:09:19.578115Z,0.13,15,no,1492908d-eedc-5171-0453-2abd482f9b61
KXJLEAGUEGAME-25NOV09MACTOK-TOK,2025-11-09T06:06:55.136472Z,0.16,38,yes,dcab6589-3fd4-77b8-3bf6-795a17cce73c
KXJLEAGUEGAME-25NOV09MACTOK-TOK,2025-11-09T06:04:54.964891Z,0.16,29,yes,d644a39a-3f1d-79fc-d779-3d64d0719816
KXJLEAGUEGAME-25NOV09MACTOK-TOK,2025-11-09T06:00:11.607829Z,0.16,7,yes,2924c990-bb45-710c-f452-b580c31b0bfe
KXJLEAGUEGAME-25NOV09MACTOK-TOK,2025-11-09T06:00:00.4864Z,0.16,11,yes,42bafb10-5f4d-74e8-ecba-a5ae42a564da
KXJLEAGUEGAME-25NOV09MACTOK-TOK,2025-11-09T05:59:32.960391Z,0.17,5,yes,155c7d66-ac20-61e1-10f5-30f6d21e865a
KXJLEAGUEGAME-25NOV09MACTOK-TOK,2025-11-09T05:59:22.99137Z,0.17,5,yes,1c01fc60-f428-64cd-83b8-25e4369bb7f6
KXJLEAGUEGAME-25NOV09MACTOK-TOK,2025-11-09T05:58:59.548629Z,0.16,14,yes,b4a600fa-3511-4269-d2e1-278d656c6525
KXJLEAGUEGAME-25NOV09MACTOK-TOK,2025-11-09T05:58:46.531259Z,0.16,11,yes,0ce8b8f6-e1e8-6e5d-3865-c3c182c5c40d
KXJLEAGUEGAME-25NOV09MACTOK-TOK,2025-11-09T05:56:27.828926Z,0.16,59,yes,bdbe1c7f-a574-51a9-bdf9-6e66b681a59d
KXJLEAGUEGAME-25NOV09MACTOK-TOK,2025-11-09T05:52:14.397557Z,0.16,3,yes,5fb90ec5-d6d0-6181-fec3-2fe04512d391
KXJLEAGUEGAME-25NOV09MACTOK-TOK,2025-11-09T05:50:52.324291Z,0.17,11,yes,34fee3eb-4caf-7cc6-f14f-fe0d9316b962
KXJLEAGUEGAME-25NOV09MACTOK-TOK,2025-11-09T05:46:12.400487Z,0.17,50,yes,badbf924-c4f4-63a8-359c-a4a31caa8404
KXJLEAGUEGAME-25NOV09MACTOK-TOK,2025-11-09T05:43:15.46915Z,0.18,10,yes,a96c7a0e-2832-53c2-2e43-ba274634d5ef
KXJLEAGUEGAME-25NOV09MACTOK-TOK,2025-11-09T05:38:51.195573Z,0.18,10,yes,eb9e0e6b-4f3b-5aa7-aa98-b7f646e16b73
KXJLEAGUEGAME-25NOV09MACTOK-TOK,2025-11-09T05:14:05.553644Z,0.24,15,yes,652bf2f1-f700-5b34-f6c8-4eecb5c043ff
KXJLEAGUEGAME-25NOV09MACTOK-TOK,2025-11-09T05:13:23.738895Z,0.24,39,yes,ed76f900-c584-6474-b5ce-903de7e74893
KXJLEAGUEGAME-25NOV09MACTOK-TOK,2025-11-09T05:12:55.315032Z,0.24,50,yes,f963bd0f-a3b4-6864-266f-976844e7aa1b
KXJLEAGUEGAME-25NOV09MACTOK-TOK,2025-11-09T05:08:06.332372Z,0.24,50,yes,e17639cb-5058-7e6d-2ea4-ed49170c7b57
KXJLEAGUEGAME-25NOV09MACTOK-TOK,2025-11-09T04:53:23.299985Z,0.23,41,yes,c0750225-93f2-4a85-3116-c9227285744f
KXJLEAGUEGAME-25NOV09MACTOK-TOK,2025-11-09T04:47:36.075478Z,0.22,14,yes,c66e62f2-c738-5530-a38a-ec667558ded4
KXJLEAGUEGAME-25NOV09MACTOK-TOK,2025-11-09T04:47:36.075478Z,0.23,6,yes,1f8aba94-c059-5e20-8a30-9f429c85b582
KXJLEAGUEGAME-25NOV09MACTOK-TOK,2025-11-09T04:02:13.440019Z,0.21,4,yes,7ec23316-3cf4-7544-fd8a-a6b7c5b999e9
KXJLEAGUEGAME-25NOV09MACTOK-TOK,2025-11-09T03:10:44.019012Z,0.22,43,yes,a7df3160-2b2f-6ef0-cc19-8a3fd51afd18
