ticker,created_time,price,count,taker_side,trade_id
KXJLEAGUEGAME-25NOV08KAWFAG-TIE,2025-11-08T07:59:58.251022Z,0.99,104,no,3bafd393-b6b1-7060-7207-067171f852ad
KXJLEAGUEGAME-25NOV08KAWFAG-TIE,2025-11-08T07:59:17.907977Z,0.99,33,no,f53e1557-fb3d-4038-dd7d-3064c37b0dcd
KXJLEAGUEGAME-25NOV08KAWFAG-TIE,2025-11-08T07:59:06.231736Z,0.99,17,no,5be24b02-ebd1-7334-12f3-1cd815cb942d
KXJLEAGUEGAME-25NOV08KAWFAG-TIE,2025-11-08T07:58:09.681287Z,0.99,53,no,cea22ca1-f8ad-4a18-1d6f-4c984c6a069d
KXJLEAGUEGAME-25NOV08KAWFAG-TIE,2025-11-08T07:58:05.914929Z,0.99,96,no,e6be911d-cef1-704c-22eb-0b8abbf6c35d
KXJLEAGUEGAME-25NOV08KAWFAG-TIE,2025-11-08T07:57:46.391577Z,0.99,894,no,0c7dfc80-5d75-4a14-ed6a-26149722258d
KXJLEAGUEGAME-25NOV08KAWFAG-TIE,2025-11-08T07:57:41.826243Z,0.99,520,no,34f2b08a-6a79-6780-69c2-5044611bc475
KXJLEAGUEGAME-25NOV08KAWFAG-TIE,2025-11-08T07:57:14.926191Z,0.99,500,yes,7fdc3db3-54a8-5f68-85ba-5a89287a1353
KXJLEAGUEGAME-25NOV08KAWFAG-TIE,2025-11-08T07:57:14.926191Z,0.99,90,yes,65775370-61f7-5300-b9e5-12cb61219439
KXJLEAGUEGAME-25NOV08KAWFAG-TIE,2025-11-08T07:57:02.818185Z,0.98,200,yes,fd8ec933-197b-58cb-71ae-9900f7109fac
KXJLEAGUEGAME-25NOV08KAWFAG-TIE,2025-11-08T07:57:02.818185Z,0.93,37,yes,caab911f-ab46-5a31-6026-58f20715f95a
KXJLEAGUEGAME-25NOV08KAWFAG-TIE,2025-11-08T07:57:02.818185Z,0.99,242,yes,6ef6e9b5-c56b-5571-6768-a4000c09b329
KXJLEAGUEGAME-25NOV08KAWFAG-TIE,2025-11-08T07:57:02.818185Z,0.97,1000,yes,32a5da39-2050-52c5-6f2c-8d5292af276c
KXJLEAGUEGAME-25NOV08KAWFAG-TIE,2025-11-08T07:57:02.818185Z,0.99,522,yes,0e3c7b04-551e-54c7-6037-44ef306375df
KXJLEAGUEGAME-25NOV08KAWFAG-TIE,2025-11-08T07:57:02.818185Z,0.98,500,yes,05bf6361-8c24-550c-7d40-fe25f383b416
KXJLEAGUEGAME-25NOV08KAWFAG-TIE,2025-11-08T07:56:40.036485Z,0.3,77,no,849f140e-4d75-4cbb-c09e-ef7e72ab3f09
KXJLEAGUEGAME-25NOV08KAWFAG-TIE,2025-11-08T07:56:34.316031Z,0.92,17,yes,7d447e48-971d-6d49-2d19-3237c81f3e0d
KXJLEAGUEGAME-25NOV08KAWFAG-TIE,2025-11-08T07:56:18.687873Z,0.92,73,yes,dd71903a-8e07-6f77-cb97-95de6db29e38
KXJLEAGUEGAME-25NOV08KAWFAG-TIE,2025-11-08T07:56:18.687873Z,0.93,4,yes,92f0fd92-4983-67c8-c12a-3bd27c392b75
KXJLEAGUEGAME-25NOV08KAWFAG-TIE,2025-11-08T07:56:08.830925Z,0.92,45,yes,5a082368-8843-69e3-158a-40d766506008
KXJLEAGUEGAME-25NOV08KAWFAG-TIE,2025-11-08T07:55:50.342534Z,0.93,31,yes,d81dc2d9-f15d-70b5-2b35-2e2c8df57126
KXJLEAGUEGAME-25NOV08KAWFAG-TIE,2025-11-08T07:55:50.342534Z,0.93,65,yes,ac7d4e50-2639-7bd8-3380-61943543def5
KXJLEAGUEGAME-25NOV08KAWFAG-TIE,2025-11-08T07:55:44.676059Z,0.93,60,yes,65555896-a4c5-76ed-170c-4104275442e6
KXJLEAGUEGAME-25NOV08KAWFAG-TIE,2025-11-08T07:55:23.415687Z,0.93,5,yes,ba774979-74f9-6701-23f2-03f9fc3cf286
KXJLEAGUEGAME-25NOV08KAWFAG-TIE,2025-11-08T07:55:19.581934Z,0.93,399,yes,2a76588b-2d2d-51dd-6dfd-84b66aa76946
KXJLEAGUEGAME-25NOV08KAWFAG-TIE,2025-11-08T07:55:19.352606Z,0.73,31,yes,f53b5d22-4275-6ede-6493-9350cf99b16d
KXJLEAGUEGAME-25NOV08KAWFAG-TIE,2025-11-08T07:55:19.352606Z,0.3,500,yes,c4743b85-0c13-6f30-449e-4785cddfabd3
KXJLEAGUEGAME-25NOV08KAWFAG-TIE,2025-11-08T07:55:19.352606Z,0.93,305,yes,0f6172e7-58dd-6641-69f0-e55467e84ff2
KXJLEAGUEGAME-25NOV08KAWFAG-TIE,2025-11-08T07:54:58.192552Z,0.28,27,yes,664fcef0-b921-78ce-3bf7-4ad0dfa432fd
KXJLEAGUEGAME-25NOV08KAWFAG-TIE,2025-11-08T07:53:24.432269Z,0.04,236,no,8afda948-e518-4de0-e5ce-45eb64bae519
KXJLEAGUEGAME-25NOV08KAWFAG-TIE,2025-11-08T07:53:08.722209Z,0.05,260,no,7f74f6c4-bc30-586d-c246-9d5187badb4a
KXJLEAGUEGAME-25NOV08KAWFAG-TIE,2025-11-08T07:53:06.487712Z,0.05,1,no,4d0a9012-03bf-787f-c9f7-0d255ee399ce
KXJLEAGUEGAME-25NOV08KAWFAG-TIE,2025-11-08T07:53:06.487712Z,0.04,30,no,2e7571df-249c-7b9c-ea02-1210098c06d9
KXJLEAGUEGAME-25NOV08KAWFAG-TIE,2025-11-08T07:52:19.724242Z,0.05,9,no,064cc85f-0323-69ab-18f3-17aadcff5f9a
KXJLEAGUEGAME-25NOV08KAWFAG-TIE,2025-11-08T07:52:02.671241Z,0.04,6,no,6cd2b632-5550-66b8-d443-0dc04fe8e765
KXJLEAGUEGAME-25NOV08KAWFAG-TIE,2025-11-08T07:51:21.317376Z,0.05,69,no,2adf4071-b7fd-7db2-7cb8-1d22ba13893f
KXJLEAGUEGAME-25NOV08KAWFAG-TIE,2025-11-08T07:51:13.882174Z,0.04,23,no,1c03d36b-4da8-6b90-4e6c-2487f9893809
KXJLEAGUEGAME-25NOV08KAWFAG-TIE,2025-11-08T07:49:31.467987Z,0.06,15,no,526d5798-9f72-6c52-5acb-0c5d13925d12
KXJLEAGUEGAME-25NOV08KAWFAG-TIE,2025-11-08T07:49:28.230111Z,0.06,32,no,57561f61-07d2-6222-1927-d632fd089ef6
KXJLEAGUEGAME-25NOV08KAWFAG-TIE,2025-11-08T07:49:27.269092Z,0.06,36,no,872156e8-bc16-693e-db60-eb9b84814f4e
KXJLEAGUEGAME-25NOV08KAWFAG-TIE,2025-11-08T07:49:27.047484Z,0.06,42,no,ee37bd6f-5a0e-72a6-164e-a3b297894d7a
KXJLEAGUEGAME-25NOV08KAWFAG-TIE,2025-11-08T07:49:00.925683Z,0.06,16,no,eb4a7544-2372-72e6-f96c-fd6cc01b89de
KXJLEAGUEGAME-25NOV08KAWFAG-TIE,2025-11-08T07:48:42.096381Z,0.06,19,no,999c4d3a-b43a-76a2-7803-f15516c2f606
KXJLEAGUEGAME-25NOV08KAWFAG-TIE,2025-11-08T07:47:15.585473Z,0.22,79,yes,e3286972-b954-76c9-fd06-96452ffec1a3
KXJLEAGUEGAME-25NOV08KAWFAG-TIE,2025-11-08T07:47:05.38435Z,0.08,146,no,4cfae0fa-b421-6e56-8a53-d2d6a6ba4f16
KXJLEAGUEGAME-25NOV08KAWFAG-TIE,2025-11-08T07:46:50.896238Z,0.08,26,no,462f1ba3-a8b1-6eea-76b2-ac6a10d65e72
KXJLEAGUEGAME-25NOV08KAWFAG-TIE,2025-11-08T07:46:44.089122Z,0.05,1,no,7ff18d1d-3f4c-62b5-ad4c-ec56527345a0
KXJLEAGUEGAME-25NOV08KAWFAG-TIE,2025-11-08T07:46:13.29961Z,0.29,1,yes,43e6ba0f-9233-5751-0dc6-79713f2d0f90
KXJLEAGUEGAME-25NOV08KAWFAG-TIE,2025-11-08T07:45:58.795321Z,0.05,14,no,f84d30d3-0bec-7151-2a87-25730bd773ac
KXJLEAGUEGAME-25NOV08KAWFAG-TIE,2025-11-08T07:45:40.496356Z,0.05,25,no,fb6b4cc0-fba4-4995-4055-1847c05935ec
KXJLEAGUEGAME-25NOV08KAWFAG-TIE,2025-11-08T07:45:20.015728Z,0.05,3,no,9edd63c9-bed0-6291-677d-9f3c8634269c
KXJLEAGUEGAME-25NOV08KAWFAG-TIE,2025-11-08T07:44:54.368353Z,0.04,3,no,dff5aea6-b304-5784-7250-8d9d676e46d9
KXJLEAGUEGAME-25NOV08KAWFAG-TIE,2025-11-08T07:44:41.665761Z,0.04,1,no,2c6844fc-3378-50b4-1d6e-d4764152bbb1
KXJLEAGUEGAME-25NOV08KAWFAG-TIE,2025-11-08T07:44:32.762154Z,0.57,38,no,89fbf19f-8f4b-7cb7-0eb6-c65cfe90526f
KXJLEAGUEGAME-25NOV08KAWFAG-TIE,2025-11-08T07:44:32.762154Z,0.56,94,no,3a361aa8-b8dd-7e1a-14c0-2727fc950e7f
KXJLEAGUEGAME-25NOV08KAWFAG-TIE,2025-11-08T07:44:32.762154Z,0.04,1,no,0cc9ac84-1500-7378-1a21-823e70e4e175
KXJLEAGUEGAME-25NOV08KAWFAG-TIE,2025-11-08T07:44:32.762154Z,0.8,9,no,081bca1d-4ff6-7189-36c4-c27bb1521dbe
KXJLEAGUEGAME-25NOV08KAWFAG-TIE,2025-11-08T07:44:27.331549Z,0.8,1,no,793b7b1c-2e8a-4bc9-0952-20e34c4773da
KXJLEAGUEGAME-25NOV08KAWFAG-TIE,2025-11-08T07:41:36.467217Z,0.75,100,no,f06ad5d5-ad5e-5c04-8910-145f61da7ddb
KXJLEAGUEGAME-25NOV08KAWFAG-TIE,2025-11-08T07:40:57.263518Z,0.73,17,yes,0e6d545d-1962-5a22-af27-c9e0da29c3ae
KXJLEAGUEGAME-25NOV08KAWFAG-TIE,2025-11-08T07:40:54.170757Z,0.73,83,yes,9ccb59b9-9bc9-553c-7110-97ca04a9693e
KXJLEAGUEGAME-25NOV08KAWFAG-TIE,2025-11-08T07:40:25.124568Z,0.74,53,yes,8e911b5b-6522-44a1-cd87-196751e882ba
KXJLEAGUEGAME-25NOV08KAWFAG-TIE,2025-11-08T07:40:15.349863Z,0.72,68,yes,edadc848-36aa-5e0d-f8b4-a1f0a0c3a6fd
KXJLEAGUEGAME-25NOV08KAWFAG-TIE,2025-11-08T07:37:49.177841Z,0.62,24,yes,dcf60e5b-f2b9-4d1c-3f83-fad7a7c73242
KXJLEAGUEGAME-25NOV08KAWFAG-TIE,2025-11-08T07:37:49.177841Z,0.62,31,yes,6a7cb6c0-6f3d-49bd-3701-df6722be110b
KXJLEAGUEGAME-25NOV08KAWFAG-TIE,2025-11-08T07:37:49.177841Z,0.63,10,yes,51892dca-1b29-44ec-3dc3-1eacd4f2430d
KXJLEAGUEGAME-25NOV08KAWFAG-TIE,2025-11-08T07:37:49.177841Z,0.61,13,yes,4d29b33e-96ee-4acf-1e2c-bc43a1b0a03a
KXJLEAGUEGAME-25NOV08KAWFAG-TIE,2025-11-08T07:37:11.339902Z,0.61,15,yes,6ef4bb34-6e0d-54c4-0de5-c1226b77674f
KXJLEAGUEGAME-25NOV08KAWFAG-TIE,2025-11-08T07:36:02.125966Z,0.6,6,yes,b7c15eac-54c4-5d33-2ea8-72ae16c8bbf6
KXJLEAGUEGAME-25NOV08KAWFAG-TIE,2025-11-08T07:35:56.13504Z,0.55,110,yes,f96ab964-87a5-6fde-d78f-8f9c03dfde5b
KXJLEAGUEGAME-25NOV08KAWFAG-TIE,2025-11-08T07:35:56.13504Z,0.56,55,yes,82d25b89-a83f-61fc-ea4c-ca54b6022471
KXJLEAGUEGAME-25NOV08KAWFAG-TIE,2025-11-08T07:35:56.13504Z,0.55,10,yes,0770e0b1-25c5-623f-f6ba-02db33c7f945
KXJLEAGUEGAME-25NOV08KAWFAG-TIE,2025-11-08T07:35:15.301682Z,0.61,14,yes,e284a948-f457-54a3-c23c-60aee2a43fee
KXJLEAGUEGAME-25NOV08KAWFAG-TIE,2025-11-08T07:35:08.522746Z,0.61,3,yes,a61dc519-87f3-4037-f3c5-44814b64d0ee
KXJLEAGUEGAME-25NOV08KAWFAG-TIE,2025-11-08T07:34:02.094347Z,0.61,31,yes,0008ccf0-2593-675f-74b8-94c9b11f9a86
KXJLEAGUEGAME-25NOV08KAWFAG-TIE,2025-11-08T07:33:54.38349Z,0.61,3,yes,b4820238-d317-7a2f-d574-d749d390184a
KXJLEAGUEGAME-25NOV08KAWFAG-TIE,2025-11-08T07:32:36.50101Z,0.61,7,yes,071a8d7c-756b-78ad-6bed-5939f1f8d484
KXJLEAGUEGAME-25NOV08KAWFAG-TIE,2025-11-08T07:32:18.440814Z,0.6,50,yes,c7883f12-6b1f-4c0e-a398-f19dca988c47
KXJLEAGUEGAME-25NOV08KAWFAG-TIE,2025-11-08T07:32:18.440814Z,0.6,96,yes,82761744-e276-4a06-9b91-f23b6a861eca
KXJLEAGUEGAME-25NOV08KAWFAG-TIE,2025-11-08T07:32:18.440814Z,0.61,85,yes,709c2ad5-ee56-4119-8633-bf7feaf8a5ed
KXJLEAGUEGAME-25NOV08KAWFAG-TIE,2025-11-08T07:32:18.440814Z,0.59,97,yes,0b34529f-1e00-4447-8b1b-80475488289f
KXJLEAGUEGAME-25NOV08KAWFAG-TIE,2025-11-08T07:32:18.440814Z,0.62,232,yes,05f984bd-a1e1-427c-8e65-4e1dfa2278f6
KXJLEAGUEGAME-25NOV08KAWFAG-TIE,2025-11-08T07:31:37.787618Z,0.5,3,yes,f67843a4-a3bb-6ffa-9602-9f60e8e61ed8
KXJLEAGUEGAME-25NOV08KAWFAG-TIE,2025-11-08T07:30:13.434999Z,0.59,32,yes,fa86a472-a94c-5486-9ef6-227ef71d2380
KXJLEAGUEGAME-25NOV08KAWFAG-TIE,2025-11-08T07:28:37.184672Z,0.6,16,yes,610bddc3-6c2f-5b35-29a4-0f09d2ea0230
KXJLEAGUEGAME-25NOV08KAWFAG-TIE,2025-11-08T07:28:09.402371Z,0.61,15,yes,7ce47139-53c4-4058-ebda-1b61bb5d8eec
KXJLEAGUEGAME-25NOV08KAWFAG-TIE,2025-11-08T07:27:57.582859Z,0.61,6,yes,7a64551c-f84f-6160-6819-412b35ef2c08
KXJLEAGUEGAME-25NOV08KAWFAG-TIE,2025-11-08T07:27:57.582859Z,0.62,308,yes,712ac2f6-59d5-6074-4ea3-8bf7ca118072
KXJLEAGUEGAME-25NOV08KAWFAG-TIE,2025-11-08T07:27:52.0626Z,0.61,9,yes,1ceff8f1-90df-47a4-0c13-638cf4b2a110
KXJLEAGUEGAME-25NOV08KAWFAG-TIE,2025-11-08T07:25:54.044962Z,0.59,19,yes,d811301e-14a3-4875-ac7a-bc0112b191ac
KXJLEAGUEGAME-25NOV08KAWFAG-TIE,2025-11-08T07:24:57.40275Z,0.59,6,yes,9701aa94-7483-6b25-e5e0-ebcf56b4c648
KXJLEAGUEGAME-25NOV08KAWFAG-TIE,2025-11-08T07:24:56.287749Z,0.59,18,yes,4564659f-bba3-5401-d367-3fc4b56c0408
KXJLEAGUEGAME-25NOV08KAWFAG-TIE,2025-11-08T07:24:00.915173Z,0.56,8,yes,691e2736-4dc0-50e7-2602-723aafaa3ad3
KXJLEAGUEGAME-25NOV08KAWFAG-TIE,2025-11-08T07:23:14.142509Z,0.45,49,no,c730a6a8-790b-4995-381e-c39a8814675e
KXJLEAGUEGAME-25NOV08KAWFAG-TIE,2025-11-08T07:21:30.774872Z,0.55,42,yes,b3c0b616-d178-5c98-e963-e24dc58690d5
KXJLEAGUEGAME-25NOV08KAWFAG-TIE,2025-11-08T07:21:30.774872Z,0.57,32,yes,74454959-bfdc-50bb-ccd3-313c03bd445c
KXJLEAGUEGAME-25NOV08KAWFAG-TIE,2025-11-08T07:21:05.61534Z,0.48,30,yes,f489b61c-a83b-7bf4-c270-309ef5e234d2
KXJLEAGUEGAME-25NOV08KAWFAG-TIE,2025-11-08T07:21:05.61534Z,0.61,2,yes,ba7b680f-863f-7754-e347-2aa84c9008cc
KXJLEAGUEGAME-25NOV08KAWFAG-TIE,2025-11-08T07:21:05.61534Z,0.48,41,yes,b0bceb66-0d5f-7349-ed11-6e41697c5baf
KXJLEAGUEGAME-25NOV08KAWFAG-TIE,2025-11-08T07:21:05.61534Z,0.47,41,yes,af261a89-529f-7c3b-c1c0-84641d635e0f
KXJLEAGUEGAME-25NOV08KAWFAG-TIE,2025-11-08T07:21:05.61534Z,0.51,42,yes,860b28dc-601d-7815-ef94-a84e06255b26
KXJLEAGUEGAME-25NOV08KAWFAG-TIE,2025-11-08T07:21:05.61534Z,0.49,41,yes,49b9197b-7d01-74b4-c633-8793c3da331d
KXJLEAGUEGAME-25NOV08KAWFAG-TIE,2025-11-08T07:20:12.259786Z,0.43,52,yes,e71e9613-8ca5-4aad-1515-18aa5b97e89b
KXJLEAGUEGAME-25NOV08KAWFAG-TIE,2025-11-08T07:20:12.259786Z,0.42,50,yes,cadd4991-5a15-45e3-3bac-345d614903bb
KXJLEAGUEGAME-25NOV08KAWFAG-TIE,2025-11-08T07:20:12.259786Z,0.42,30,yes,7f3b9559-03cc-4a35-3c02-d2179df28f5d
KXJLEAGUEGAME-25NOV08KAWFAG-TIE,2025-11-08T07:20:12.259786Z,0.44,5,yes,3bd56457-000b-4348-3d42-49494c02994d
KXJLEAGUEGAME-25NOV08KAWFAG-TIE,2025-11-08T07:20:12.259786Z,0.44,52,yes,22a51665-c6a1-44a1-3cfe-4957b3166071
KXJLEAGUEGAME-25NOV08KAWFAG-TIE,2025-11-08T07:20:12.259786Z,0.45,33,yes,00b2f305-7013-4258-3944-c0e3b7f2d9ef
KXJLEAGUEGAME-25NOV08KAWFAG-TIE,2025-11-08T07:20:00.108145Z,0.45,8,yes,6b2ba194-2a0a-5149-a135-d874c125da98
KXJLEAGUEGAME-25NOV08KAWFAG-TIE,2025-11-08T07:19:52.21631Z,0.53,10,yes,c1b9c944-b689-62e4-2d5a-3b786ebd817d
KXJLEAGUEGAME-25NOV08KAWFAG-TIE,2025-11-08T07:19:40.934732Z,0.57,66,yes,48fb8b0f-d737-71ac-2e65-87fd6d17ada9
KXJLEAGUEGAME-25NOV08KAWFAG-TIE,2025-11-08T07:19:40.934732Z,0.59,39,yes,1780ffdc-6043-7ad4-2ede-05fbb15869ba
KXJLEAGUEGAME-25NOV08KAWFAG-TIE,2025-11-08T07:19:40.934732Z,0.55,66,yes,157ad37e-0ba3-71f7-3cd8-230c0ab3161e
KXJLEAGUEGAME-25NOV08KAWFAG-TIE,2025-11-08T07:19:36.869437Z,0.61,15,yes,e9ef9b72-f8d7-56cc-0371-ff7197ee6108
KXJLEAGUEGAME-25NOV08KAWFAG-TIE,2025-11-08T07:19:36.869437Z,0.41,79,yes,e4580c68-a8b3-528f-0416-ba585c207543
KXJLEAGUEGAME-25NOV08KAWFAG-TIE,2025-11-08T07:19:36.869437Z,0.43,78,yes,917f1a64-6652-5708-04b4-630d3739c43f
KXJLEAGUEGAME-25NOV08KAWFAG-TIE,2025-11-08T07:19:36.869437Z,0.42,78,yes,741d0b76-43db-5a3e-1351-fe6942dde328
KXJLEAGUEGAME-25NOV08KAWFAG-TIE,2025-11-08T07:19:36.869437Z,0.41,30,yes,0ce99065-8d47-5fc0-22c1-5ecdd72c47c5
KXJLEAGUEGAME-25NOV08KAWFAG-TIE,2025-11-08T07:17:03.547937Z,0.4,23,yes,9a447956-1cfe-54b7-9e1b-17d11d64c901
KXJLEAGUEGAME-25NOV08KAWFAG-TIE,2025-11-08T07:16:05.316451Z,0.39,30,yes,e47b87f0-66b5-6e25-bb38-7c9a477ad82e
KXJLEAGUEGAME-25NOV08KAWFAG-TIE,2025-11-08T07:16:05.316451Z,0.4,35,yes,ceaa0d76-b491-6c84-9256-62c816f2c1f0
KXJLEAGUEGAME-25NOV08KAWFAG-TIE,2025-11-08T07:16:05.316451Z,0.41,35,yes,baa2cc75-4508-63ce-b197-a75584b57e18
KXJLEAGUEGAME-25NOV08KAWFAG-TIE,2025-11-08T07:16:05.316451Z,0.42,7,yes,8dad70c2-1938-62a2-9635-c0703c087368
KXJLEAGUEGAME-25NOV08KAWFAG-TIE,2025-11-08T07:16:05.316451Z,0.39,35,yes,6ec39af8-c566-6a65-855f-9af62854dc16
KXJLEAGUEGAME-25NOV08KAWFAG-TIE,2025-11-08T07:14:59.726433Z,0.38,11,yes,a7fd094c-08a5-4c26-574c-597d7c54de94
KXJLEAGUEGAME-25NOV08KAWFAG-TIE,2025-11-08T07:14:59.726433Z,0.38,19,yes,621cdd8a-8cf5-4687-4fc5-f9e95f3c7f1e
KXJLEAGUEGAME-25NOV08KAWFAG-TIE,2025-11-08T07:14:39.903247Z,0.38,17,yes,1c28a4b2-7fb5-7b1f-ce4f-de655e3a7ef2
KXJLEAGUEGAME-25NOV08KAWFAG-TIE,2025-11-08T07:13:28.64766Z,0.37,6,no,362d281a-d006-6a19-1c27-df36c3b9824d
KXJLEAGUEGAME-25NOV08KAWFAG-TIE,2025-11-08T07:13:01.226204Z,0.39,18,yes,d3f51d3b-a2d2-55a5-56b4-5c11104d4186
KXJLEAGUEGAME-25NOV08KAWFAG-TIE,2025-11-08T07:13:01.226204Z,0.39,11,yes,bd2543b6-d035-5094-681e-6aad2b42c232
KXJLEAGUEGAME-25NOV08KAWFAG-TIE,2025-11-08T07:13:01.226204Z,0.38,50,yes,ad388f0e-aa7f-5796-7475-5799bae2e94d
KXJLEAGUEGAME-25NOV08KAWFAG-TIE,2025-11-08T07:13:01.226204Z,0.39,25,yes,9264d6f1-5b58-50ed-4561-5a820e6039f3
KXJLEAGUEGAME-25NOV08KAWFAG-TIE,2025-11-08T07:12:44.619273Z,0.39,24,yes,f9e079d3-d1c4-4495-1371-51bbb87b4317
KXJLEAGUEGAME-25NOV08KAWFAG-TIE,2025-11-08T07:11:46.337775Z,0.38,20,yes,abf61df0-a24f-7dcb-5e3c-cd150313bfed
KXJLEAGUEGAME-25NOV08KAWFAG-TIE,2025-11-08T07:11:46.337775Z,0.38,30,yes,7e21e345-7a2f-796e-5612-13400bf1a4f1
KXJLEAGUEGAME-25NOV08KAWFAG-TIE,2025-11-08T07:10:36.985507Z,0.37,2,no,44a7089f-9ac2-5579-20b7-0ebe6b94e8a5
KXJLEAGUEGAME-25NOV08KAWFAG-TIE,2025-11-08T07:10:17.651094Z,0.39,55,yes,f3523fca-1f14-40bc-d35c-a458abbd85cf
KXJLEAGUEGAME-25NOV08KAWFAG-TIE,2025-11-08T07:10:17.651094Z,0.38,57,yes,e1f33558-a619-41d0-f909-696941448b3e
KXJLEAGUEGAME-25NOV08KAWFAG-TIE,2025-11-08T07:10:17.651094Z,0.38,30,yes,3bee7f49-b56f-4855-d652-ea67a1b7c024
KXJLEAGUEGAME-25NOV08KAWFAG-TIE,2025-11-08T07:10:17.651094Z,0.4,55,yes,282399ab-3a44-4fe3-c7b7-82668021d921
KXJLEAGUEGAME-25NOV08KAWFAG-TIE,2025-11-08T07:09:56.862927Z,0.37,42,yes,bcf6cd4f-e780-4555-d0ae-3ba47540574d
KXJLEAGUEGAME-25NOV08KAWFAG-TIE,2025-11-08T07:09:49.169359Z,0.37,15,yes,9a082088-9560-655d-8215-8cc773b71659
KXJLEAGUEGAME-25NOV08KAWFAG-TIE,2025-11-08T07:07:38.364676Z,0.37,52,yes,dee9a330-4b3a-72fb-d9dd-41af514a4981
KXJLEAGUEGAME-25NOV08KAWFAG-TIE,2025-11-08T07:07:38.364676Z,0.38,7,yes,86f2989b-2886-7e9c-fc11-9b8bd6047edc
KXJLEAGUEGAME-25NOV08KAWFAG-TIE,2025-11-08T07:07:38.364676Z,0.38,30,yes,167b9406-3d54-7916-fa86-b7a277b215c5
KXJLEAGUEGAME-25NOV08KAWFAG-TIE,2025-11-08T07:06:52.349763Z,0.51,30,yes,dbb481b5-dab5-638d-b988-4d90cd7b43cd
KXJLEAGUEGAME-25NOV08KAWFAG-TIE,2025-11-08T07:06:52.349763Z,0.79,12,yes,cc882a5e-0aaf-6884-8e91-01cb4ff1487e
KXJLEAGUEGAME-25NOV08KAWFAG-TIE,2025-11-08T07:06:52.349763Z,0.38,29,yes,c982681c-70c5-692b-9eab-901ccc1b0f5f
KXJLEAGUEGAME-25NOV08KAWFAG-TIE,2025-11-08T07:06:52.349763Z,0.45,30,yes,932da8c5-0cd9-628c-8999-21847a3b38aa
KXJLEAGUEGAME-25NOV08KAWFAG-TIE,2025-11-08T07:06:52.349763Z,0.37,11,yes,8eae8526-6f34-60ce-b5d0-531610d2b0bf
KXJLEAGUEGAME-25NOV08KAWFAG-TIE,2025-11-08T07:06:52.349763Z,0.38,30,yes,7bf21bce-f8f4-61f4-85a8-68ca2613ce87
KXJLEAGUEGAME-25NOV08KAWFAG-TIE,2025-11-08T07:06:52.349763Z,0.4,29,yes,41e071c1-d5d5-6a4c-bdc2-dce5b3115c9b
KXJLEAGUEGAME-25NOV08KAWFAG-TIE,2025-11-08T07:06:52.349763Z,0.39,30,yes,3713376b-3c06-6e14-b520-c6ae78e441ae
KXJLEAGUEGAME-25NOV08KAWFAG-TIE,2025-11-08T07:06:52.349763Z,0.41,30,yes,2d9297bb-93f4-6244-a3b7-0a00aaeb8bde
KXJLEAGUEGAME-25NOV08KAWFAG-TIE,2025-11-08T07:06:52.349763Z,0.43,30,yes,281646e1-be30-63ce-935b-2f99c90d6c7c
KXJLEAGUEGAME-25NOV08KAWFAG-TIE,2025-11-08T07:06:52.349763Z,0.47,30,yes,11734826-9a33-625b-b43d-1c2d476e149f
KXJLEAGUEGAME-25NOV08KAWFAG-TIE,2025-11-08T07:06:52.349763Z,0.37,5,yes,0d15459a-113b-630c-8da9-8f0cdb006095
KXJLEAGUEGAME-25NOV08KAWFAG-TIE,2025-11-08T07:06:52.349763Z,0.49,30,yes,0a1d9154-68e7-6f61-b79e-581a17e2725f
KXJLEAGUEGAME-25NOV08KAWFAG-TIE,2025-11-08T07:06:20.839531Z,0.37,25,yes,dd07f59f-46d7-45ec-753c-a1a5d4ce27b5
KXJLEAGUEGAME-25NOV08KAWFAG-TIE,2025-11-08T07:05:06.116875Z,0.38,31,yes,dd2e8dbc-f104-4ebf-28b8-6c675d2d5cca
KXJLEAGUEGAME-25NOV08KAWFAG-TIE,2025-11-08T07:05:06.116875Z,0.39,31,yes,cf8f3f2e-2c94-4620-0627-758e257f144d
KXJLEAGUEGAME-25NOV08KAWFAG-TIE,2025-11-08T07:05:06.116875Z,0.37,31,yes,bfd29619-387d-4402-12df-1fb4df199f53
KXJLEAGUEGAME-25NOV08KAWFAG-TIE,2025-11-08T07:05:06.116875Z,0.4,32,yes,aeec03b4-d783-42d0-268f-3671bf0c86fb
KXJLEAGUEGAME-25NOV08KAWFAG-TIE,2025-11-08T07:05:06.116875Z,0.45,19,yes,56880310-c2e4-4d19-05f6-3e50083c90ea
KXJLEAGUEGAME-25NOV08KAWFAG-TIE,2025-11-08T07:05:06.116875Z,0.44,32,yes,39506c09-9961-4032-2830-9640edf9482c
KXJLEAGUEGAME-25NOV08KAWFAG-TIE,2025-11-08T07:05:06.116875Z,0.38,30,yes,19ea0cca-19ca-4f1c-213e-69d0ad7de743
KXJLEAGUEGAME-25NOV08KAWFAG-TIE,2025-11-08T07:05:06.116875Z,0.42,32,yes,11c1206c-a3fe-4114-036f-916e144c08ab
KXJLEAGUEGAME-25NOV08KAWFAG-TIE,2025-11-08T07:04:29.749117Z,0.42,23,yes,fa9f3238-b81c-438b-34fb-6b720153e6fe
KXJLEAGUEGAME-25NOV08KAWFAG-TIE,2025-11-08T07:04:29.749117Z,0.41,32,yes,c53a112e-1f4b-43e0-27c6-074be4acfd6a
KXJLEAGUEGAME-25NOV08KAWFAG-TIE,2025-11-08T07:04:29.749117Z,0.41,30,yes,a5b7d6a6-6794-4dd2-3abd-62b13c09f741
KXJLEAGUEGAME-25NOV08KAWFAG-TIE,2025-11-08T07:04:29.749117Z,0.4,32,yes,0986b7fb-9f3e-4dee-12ef-cd10f68e9687
KXJLEAGUEGAME-25NOV08KAWFAG-TIE,2025-11-08T07:01:58.13033Z,0.37,30,yes,3b124f89-7f4d-6171-dbe0-3a7a972b80e6
KXJLEAGUEGAME-25NOV08KAWFAG-TIE,2025-11-08T07:01:58.13033Z,0.37,39,yes,0af869bc-eea2-66fa-cc3b-9ac00604fe33
KXJLEAGUEGAME-25NOV08KAWFAG-TIE,2025-11-08T07:01:13.847969Z,0.74,22,yes,efdec4c1-0353-4eeb-177f-af9ac1c94e24
KXJLEAGUEGAME-25NOV08KAWFAG-TIE,2025-11-08T07:01:13.847969Z,0.37,38,yes,b553a4c1-5386-4d4d-307b-7732e659c185
KXJLEAGUEGAME-25NOV08KAWFAG-TIE,2025-11-08T07:01:13.847969Z,0.51,48,yes,98d27a05-c695-4623-00e1-83dc247efdd2
KXJLEAGUEGAME-25NOV08KAWFAG-TIE,2025-11-08T07:01:13.847969Z,0.39,51,yes,8ad306ee-9c34-418a-005f-59b925e92ce7
KXJLEAGUEGAME-25NOV08KAWFAG-TIE,2025-11-08T07:01:13.847969Z,0.37,48,yes,73d12214-ec3e-405a-2532-ae77f1793378
KXJLEAGUEGAME-25NOV08KAWFAG-TIE,2025-11-08T07:00:53.810353Z,0.37,10,yes,cfd6a854-6fbc-7e90-1e9b-de974ff65d0a
KXJLEAGUEGAME-25NOV08KAWFAG-TIE,2025-11-08T07:00:53.810353Z,0.41,5,yes,ce50648a-cbcc-79b1-2e86-c44f0dfc4f1d
KXJLEAGUEGAME-25NOV08KAWFAG-TIE,2025-11-08T07:00:53.810353Z,0.38,38,yes,aa5dd34e-26f8-758c-188f-230cac34bd70
KXJLEAGUEGAME-25NOV08KAWFAG-TIE,2025-11-08T07:00:53.810353Z,0.38,53,yes,a8db9b4e-ed3a-74a0-2146-1ef591740cd8
KXJLEAGUEGAME-25NOV08KAWFAG-TIE,2025-11-08T07:00:53.810353Z,0.4,25,yes,a26b6809-a79c-7b0a-3c81-fb917d7d90c7
KXJLEAGUEGAME-25NOV08KAWFAG-TIE,2025-11-08T07:00:53.810353Z,0.39,46,yes,97a2a4f3-51f8-7046-3011-a18b36095d0a
KXJLEAGUEGAME-25NOV08KAWFAG-TIE,2025-11-08T07:00:53.810353Z,0.4,68,yes,3f6186fe-c46a-78ca-05bb-c38f2d3562e8
KXJLEAGUEGAME-25NOV08KAWFAG-TIE,2025-11-08T07:00:43.616015Z,0.37,2,yes,ffa4a16b-dd6c-630c-21de-f10f80e1fd9a
KXJLEAGUEGAME-25NOV08KAWFAG-TIE,2025-11-08T06:59:46.819909Z,0.37,41,yes,64e97ea6-8768-6b4c-209d-bf0afe864b1e
KXJLEAGUEGAME-25NOV08KAWFAG-TIE,2025-11-08T06:58:57.000281Z,0.37,26,yes,86879476-65ac-64eb-cde8-3b544bd763aa
KXJLEAGUEGAME-25NOV08KAWFAG-TIE,2025-11-08T06:58:57.000281Z,0.37,38,yes,6d5ebb62-761a-66b4-fb45-d0bda0b1c41a
KXJLEAGUEGAME-25NOV08KAWFAG-TIE,2025-11-08T06:58:09.645686Z,0.36,58,yes,d15cacf9-0f75-55d5-1bb6-6b665a852fce
KXJLEAGUEGAME-25NOV08KAWFAG-TIE,2025-11-08T06:58:09.645686Z,0.39,45,yes,ae8f0ed8-e780-522a-09c6-98893c7cabb2
KXJLEAGUEGAME-25NOV08KAWFAG-TIE,2025-11-08T06:58:09.645686Z,0.37,59,yes,a5ca5576-2b9c-5209-2de1-22df14f309f5
KXJLEAGUEGAME-25NOV08KAWFAG-TIE,2025-11-08T06:58:09.645686Z,0.37,35,yes,9c87d395-00d4-5451-3d6a-154da47bfade
KXJLEAGUEGAME-25NOV08KAWFAG-TIE,2025-11-08T06:58:09.645686Z,0.38,59,yes,0f85c565-f827-5a8c-2d05-0fc6ec7fb57c
KXJLEAGUEGAME-25NOV08KAWFAG-TIE,2025-11-08T06:58:07.842127Z,0.36,18,yes,aeed7d7e-b357-4511-a8c3-3925ea2f2487
KXJLEAGUEGAME-25NOV08KAWFAG-TIE,2025-11-08T06:58:07.842127Z,0.37,3,yes,2c7bb22b-5690-4d7d-beab-0d1551d57a0e
KXJLEAGUEGAME-25NOV08KAWFAG-TIE,2025-11-08T06:57:30.442956Z,0.36,26,yes,8b5865e0-5ccf-504d-13f9-b47c79bd4d3f
KXJLEAGUEGAME-25NOV08KAWFAG-TIE,2025-11-08T06:57:28.859702Z,0.36,15,yes,e39a96c2-9777-58d9-e656-50b9b6602117
KXJLEAGUEGAME-25NOV08KAWFAG-TIE,2025-11-08T06:56:29.176421Z,0.34,54,no,7870b6bf-66f9-5e07-c03b-7bd5cc7ee692
KXJLEAGUEGAME-25NOV08KAWFAG-TIE,2025-11-08T06:55:46.609524Z,0.34,11,no,83b6d495-12e9-45bf-4eda-608921a9a292
KXJLEAGUEGAME-25NOV08KAWFAG-TIE,2025-11-08T06:51:27.730687Z,0.37,2,yes,8ed1e61a-302c-7844-c2fd-684fd0342427
KXJLEAGUEGAME-25NOV08KAWFAG-TIE,2025-11-08T06:51:17.479839Z,0.37,25,yes,30183fff-eefc-4ea0-102e-2ea68b60927b
KXJLEAGUEGAME-25NOV08KAWFAG-TIE,2025-11-08T06:51:16.250728Z,0.37,1,yes,483562f9-3034-6488-52dc-56b2c044335f
KXJLEAGUEGAME-25NOV08KAWFAG-TIE,2025-11-08T06:49:33.027755Z,0.36,13,yes,edb4f907-37eb-7745-61dc-d4c449002c25
KXJLEAGUEGAME-25NOV08KAWFAG-TIE,2025-11-08T06:47:39.04659Z,0.35,24,yes,bdc6bcc1-47fe-4596-a039-c64babdf82ac
KXJLEAGUEGAME-25NOV08KAWFAG-TIE,2025-11-08T06:47:38.590103Z,0.35,27,yes,59c5e6c1-7646-7dce-d62c-244e2f0cdfdc
KXJLEAGUEGAME-25NOV08KAWFAG-TIE,2025-11-08T06:46:59.02Z,0.36,22,yes,bd17b73f-d69e-63aa-cb7d-986862d7b417
KXJLEAGUEGAME-25NOV08KAWFAG-TIE,2025-11-08T06:46:59.02Z,0.36,35,yes,7f02ff5a-7ca8-6f91-e194-ed83c4c9e18b
KXJLEAGUEGAME-25NOV08KAWFAG-TIE,2025-11-08T06:46:59.02Z,0.35,78,yes,5309900a-4236-6a95-e161-2071a1af3d85
KXJLEAGUEGAME-25NOV08KAWFAG-TIE,2025-11-08T06:46:54.340328Z,0.36,3,yes,99aa2044-4914-7605-e32c-e470fd555ac3
KXJLEAGUEGAME-25NOV08KAWFAG-TIE,2025-11-08T06:46:54.340328Z,0.35,51,yes,25aa467e-b216-7d59-f680-0e668a1a7c16
KXJLEAGUEGAME-25NOV08KAWFAG-TIE,2025-11-08T06:46:44.846684Z,0.35,14,yes,80dc68fe-10ae-79b9-a007-9629e70bf536
KXJLEAGUEGAME-25NOV08KAWFAG-TIE,2025-11-08T06:45:41.428167Z,0.35,38,yes,f9f2e76e-50a3-680c-7953-4b4fa746d7dd
KXJLEAGUEGAME-25NOV08KAWFAG-TIE,2025-11-08T06:45:41.428167Z,0.78,14,yes,cdf52f9d-71f1-6356-5d1b-46c292837f59
KXJLEAGUEGAME-25NOV08KAWFAG-TIE,2025-11-08T06:45:41.428167Z,0.35,66,yes,54e2d951-f436-683a-5f67-335b9127f1f2
KXJLEAGUEGAME-25NOV08KAWFAG-TIE,2025-11-08T06:45:41.428167Z,0.36,66,yes,1a29493d-257b-6fa5-732c-d87d960e8e3a
KXJLEAGUEGAME-25NOV08KAWFAG-TIE,2025-11-08T06:45:41.428167Z,0.37,66,yes,15000e71-324f-6804-52d3-24b724f0aa64
KXJLEAGUEGAME-25NOV08KAWFAG-TIE,2025-11-08T06:45:08.675967Z,0.32,1,no,5b9567f3-8149-759b-4dca-70b8ec43c581
KXJLEAGUEGAME-25NOV08KAWFAG-TIE,2025-11-08T06:44:03.159451Z,0.34,42,yes,3490ca05-8bb0-65dc-0dc4-75718d056789
KXJLEAGUEGAME-25NOV08KAWFAG-TIE,2025-11-08T06:43:36.689797Z,0.34,73,yes,35f7d7e7-e620-757c-13d7-840adfa05579
KXJLEAGUEGAME-25NOV08KAWFAG-TIE,2025-11-08T06:41:12.884727Z,0.33,14,yes,ed69b4fd-b5be-7777-8da5-7b4b2003ee21
KXJLEAGUEGAME-25NOV08KAWFAG-TIE,2025-11-08T06:38:59.359631Z,0.4,11,yes,3f75f8e6-81ef-6257-5bdb-8adaab8b4137
KXJLEAGUEGAME-25NOV08KAWFAG-TIE,2025-11-08T06:38:10.620979Z,0.61,8,yes,0316c6da-b676-5397-85c9-88561132d863
KXJLEAGUEGAME-25NOV08KAWFAG-TIE,2025-11-08T06:36:09.806111Z,0.31,3,yes,5a443039-a85f-6658-f51f-f45e71ce4e11
KXJLEAGUEGAME-25NOV08KAWFAG-TIE,2025-11-08T06:35:51.922608Z,0.31,9,yes,0ddef1d2-7cd3-58f8-0834-59431ab843cd
KXJLEAGUEGAME-25NOV08KAWFAG-TIE,2025-11-08T06:32:46.184002Z,0.3,15,yes,bc8d2184-2d82-5c21-b505-5ca0161b5723
KXJLEAGUEGAME-25NOV08KAWFAG-TIE,2025-11-08T06:30:11.336811Z,0.28,1,yes,4f448c2d-a4b6-4d33-8c83-7befc0baf6e7
KXJLEAGUEGAME-25NOV08KAWFAG-TIE,2025-11-08T06:24:58.636251Z,0.27,17,yes,cfe0b6a7-ec61-61c5-e389-196c182b1b67
KXJLEAGUEGAME-25NOV08KAWFAG-TIE,2025-11-08T06:24:34.163013Z,0.27,17,yes,8bca7e35-948d-68c9-c1ef-8008838a3193
KXJLEAGUEGAME-25NOV08KAWFAG-TIE,2025-11-08T06:18:12.968408Z,0.25,19,yes,0f1b2887-d421-5303-48eb-61faed34ce11
KXJLEAGUEGAME-25NOV08KAWFAG-TIE,2025-11-08T06:16:03.950658Z,0.25,19,yes,5a4092aa-e235-4607-e954-ccb84ccab6a1
KXJLEAGUEGAME-25NOV08KAWFAG-TIE,2025-11-08T06:15:26.502083Z,0.25,95,yes,c317ecb0-5401-407f-ec21-7ae25054d885
KXJLEAGUEGAME-25NOV08KAWFAG-TIE,2025-11-08T06:09:40.291659Z,0.24,19,yes,27566f83-37d4-6704-185a-afcca0ed3b50
KXJLEAGUEGAME-25NOV08KAWFAG-TIE,2025-11-08T06:04:53.006568Z,0.25,38,yes,b27c4a81-c6f4-5d83-602d-481c959b8dd2
KXJLEAGUEGAME-25NOV08KAWFAG-TIE,2025-11-08T06:04:53.006568Z,0.25,38,yes,9696335a-511b-5850-7dda-17f5b8dac548
