ticker,created_time,price,count,taker_side,trade_id
KXJLEAGUEGAME-25NOV08REYNGE-REY,2025-11-08T08:55:23.457247Z,0.99,287,no,b908ef2a-44ba-6389-7aa2-dce1897793c3
KXJLEAGUEGAME-25NOV08REYNGE-REY,2025-11-08T08:54:08.224001Z,0.99,13,no,4c8584c8-a40a-7fb9-b7dd-31772509d767
KXJLEAGUEGAME-25NOV08REYNGE-REY,2025-11-08T08:53:45.282056Z,0.99,174,no,fd6096df-e4c6-5d49-4373-3cb45dc36d63
KXJLEAGUEGAME-25NOV08REYNGE-REY,2025-11-08T08:53:45.248619Z,0.99,66,yes,c9533d34-be8b-4f4d-1076-10fac92e8719
KXJLEAGUEGAME-25NOV08REYNGE-REY,2025-11-08T08:53:45.248619Z,0.99,166,yes,c77c498e-c527-490c-0b6b-1786cad36297
KXJLEAGUEGAME-25NOV08REYNGE-REY,2025-11-08T08:53:45.248619Z,0.99,5,yes,b465cfb6-61bd-4eda-32ae-7a818a0813c0
KXJLEAGUEGAME-25NOV08REYNGE-REY,2025-11-08T08:53:38.801305Z,0.99,500,yes,3838fc64-89cf-484c-97fe-5b68a29cf6a7
KXJLEAGUEGAME-25NOV08REYNGE-REY,2025-11-08T08:53:32.151484Z,0.99,252,yes,b5685d85-5863-4858-4760-498e07ba3753
KXJLEAGUEGAME-25NOV08REYNGE-REY,2025-11-08T08:53:16.346059Z,0.97,20,no,c20a2986-435c-53aa-d588-affed36f058b
KXJLEAGUEGAME-25NOV08REYNGE-REY,2025-11-08T08:53:16.346059Z,0.94,236,no,b18179c8-57f9-5bc0-c193-20dc8e3f8165
KXJLEAGUEGAME-25NOV08REYNGE-REY,2025-11-08T08:53:16.346059Z,0.98,491,no,a0681834-310b-55f0-fd3b-c0d83375fe5e
KXJLEAGUEGAME-25NOV08REYNGE-REY,2025-11-08T08:51:20.831613Z,0.99,427,yes,e2700f62-1b07-5da8-697d-1550382e26f4
KXJLEAGUEGAME-25NOV08REYNGE-REY,2025-11-08T08:51:20.831613Z,0.99,82,yes,96d1a45b-fe2f-5110-4bae-fde77a68ff4f
KXJLEAGUEGAME-25NOV08REYNGE-REY,2025-11-08T08:51:20.831613Z,0.99,500,yes,26178233-44ed-5f1e-6a43-175207c64223
KXJLEAGUEGAME-25NOV08REYNGE-REY,2025-11-08T08:50:56.080788Z,0.9,11,no,ecc5a92c-bf59-66ce-6c93-3231cd46425e
KXJLEAGUEGAME-25NOV08REYNGE-REY,2025-11-08T08:50:56.080788Z,0.9,1,no,aafe7bb6-a7ac-6869-75b7-f4cd3200f5f6
KXJLEAGUEGAME-25NOV08REYNGE-REY,2025-11-08T08:50:56.080788Z,0.97,256,no,20c00a8c-8205-661d-51da-643440b1e7b2
KXJLEAGUEGAME-25NOV08REYNGE-REY,2025-11-08T08:50:50.739634Z,0.97,44,no,67f3777f-1d21-7dad-988d-bc5cae5164c6
KXJLEAGUEGAME-25NOV08REYNGE-REY,2025-11-08T08:48:36.582191Z,0.97,436,yes,becfc6d4-62d0-529c-5960-ffc69a664d7b
KXJLEAGUEGAME-25NOV08REYNGE-REY,2025-11-08T08:48:36.582191Z,0.99,573,yes,8b179d5b-e753-5ab0-7676-320043d2fd90
KXJLEAGUEGAME-25NOV08REYNGE-REY,2025-11-08T08:48:36.582191Z,0.97,1000,yes,7c6dd456-a509-5ce5-4730-75296b696ea6
KXJLEAGUEGAME-25NOV08REYNGE-REY,2025-11-08T08:48:36.582191Z,0.99,491,yes,5c22e8a2-212f-5cac-6825-ce1e857dccd1
KXJLEAGUEGAME-25NOV08REYNGE-REY,2025-11-08T08:45:24.469069Z,0.9,20,no,4c668bb7-0d8d-4a86-a56d-77a9abee8e2a
KXJLEAGUEGAME-25NOV08REYNGE-REY,2025-11-08T08:45:24.469069Z,0.91,38,no,179f253d-6af7-443d-8419-2caa9e624800
KXJLEAGUEGAME-25NOV08REYNGE-REY,2025-11-08T08:43:32.711218Z,0.99,7,yes,f4ceb8e1-0ab3-68cc-48fb-76a07a59d6fd
KXJLEAGUEGAME-25NOV08REYNGE-REY,2025-11-08T08:43:32.711218Z,0.91,33,yes,bd735188-73e1-6c8f-6c11-95382dae048f
KXJLEAGUEGAME-25NOV08REYNGE-REY,2025-11-08T08:40:43.173272Z,0.91,1,yes,f44768b1-77a1-5b1b-1d04-85960a3b2c0b
KXJLEAGUEGAME-25NOV08REYNGE-REY,2025-11-08T08:40:12.279371Z,0.91,2,yes,14b13b8a-a4e1-62f3-ba9f-4b4ff299b413
KXJLEAGUEGAME-25NOV08REYNGE-REY,2025-11-08T08:38:27.744782Z,0.91,7,yes,092b14cd-003d-597b-b976-74c8bc3e76af
KXJLEAGUEGAME-25NOV08REYNGE-REY,2025-11-08T08:38:13.390727Z,0.91,32,no,4faa75a6-a771-698f-fb96-987478bc61ca
KXJLEAGUEGAME-25NOV08REYNGE-REY,2025-11-08T08:38:09.150095Z,0.91,75,no,1799e263-35d1-6703-03cd-838a865d84d6
KXJLEAGUEGAME-25NOV08REYNGE-REY,2025-11-08T08:38:04.091372Z,0.91,75,no,8104883b-0bed-7be7-5863-654fcbb4a6aa
KXJLEAGUEGAME-25NOV08REYNGE-REY,2025-11-08T08:38:02.126662Z,0.98,40,yes,0b6911f7-0442-7594-e62d-9730fb934b2f
KXJLEAGUEGAME-25NOV08REYNGE-REY,2025-11-08T08:37:59.404246Z,0.91,75,no,341e138b-0fd5-5067-d97c-ee6a7abdb5f6
KXJLEAGUEGAME-25NOV08REYNGE-REY,2025-11-08T08:37:55.36789Z,0.91,75,no,060c6978-4fdd-68cf-f8da-54d647ad3f6a
KXJLEAGUEGAME-25NOV08REYNGE-REY,2025-11-08T08:37:47.654928Z,0.91,75,no,5081340e-70b9-737b-768b-a7827217909a
KXJLEAGUEGAME-25NOV08REYNGE-REY,2025-11-08T08:37:45.781181Z,0.91,25,no,0ece5e27-a55d-78a7-2fdf-21654cd5442e
KXJLEAGUEGAME-25NOV08REYNGE-REY,2025-11-08T08:37:42.885012Z,0.91,25,no,030c4fbb-2da1-6b17-a068-20c03642419e
KXJLEAGUEGAME-25NOV08REYNGE-REY,2025-11-08T08:37:40.731025Z,0.91,10,no,9b0ce0d3-bd2d-65ff-4021-27de7b5a326e
KXJLEAGUEGAME-25NOV08REYNGE-REY,2025-11-08T08:37:40.253444Z,0.91,75,no,4540b149-dff1-5957-de7e-d649dc15f716
KXJLEAGUEGAME-25NOV08REYNGE-REY,2025-11-08T08:37:39.569311Z,0.91,25,no,6cb5df62-7099-753b-101f-2562ebcfbc6a
KXJLEAGUEGAME-25NOV08REYNGE-REY,2025-11-08T08:37:36.879006Z,0.91,25,no,e8052899-d58d-7a83-b433-7e1b3742a8ce
KXJLEAGUEGAME-25NOV08REYNGE-REY,2025-11-08T08:37:36.330721Z,0.91,75,no,8d7e2811-ad61-64a7-2bff-51b653e034b2
KXJLEAGUEGAME-25NOV08REYNGE-REY,2025-11-08T08:37:33.093311Z,0.91,25,no,efc675a0-c295-72c3-bf84-c8e10cacfa22
KXJLEAGUEGAME-25NOV08REYNGE-REY,2025-11-08T08:37:31.995127Z,0.91,75,no,7145a305-0061-69ef-7e43-b86ad013a7c6
KXJLEAGUEGAME-25NOV08REYNGE-REY,2025-11-08T08:37:15.212703Z,0.91,14,no,25a32eb8-03cd-6c0b-3141-46ccb9188786
KXJLEAGUEGAME-25NOV08REYNGE-REY,2025-11-08T08:36:59.959756Z,0.91,19,no,901e9520-27fd-7d13-7858-53da48516d76
KXJLEAGUEGAME-25NOV08REYNGE-REY,2025-11-08T08:36:58.456428Z,0.91,25,no,71fecaaf-9e89-4baf-9813-261aacec69c2
KXJLEAGUEGAME-25NOV08REYNGE-REY,2025-11-08T08:36:55.626796Z,0.91,75,no,8e0d2f9a-a29d-4227-9ecf-bde7c78cfa22
KXJLEAGUEGAME-25NOV08REYNGE-REY,2025-11-08T08:36:54.43897Z,0.91,25,no,6dad0083-3b09-67e7-43ff-26c5ad25cbae
KXJLEAGUEGAME-25NOV08REYNGE-REY,2025-11-08T08:36:51.671308Z,0.91,75,no,cfa9ff5e-6051-6b77-9a1b-c08ba1db0f6e
KXJLEAGUEGAME-25NOV08REYNGE-REY,2025-11-08T08:36:51.559368Z,0.91,25,no,1a1133f2-9808-5ed0-a67d-a74ebdbc7953
KXJLEAGUEGAME-25NOV08REYNGE-REY,2025-11-08T08:36:48.46643Z,0.91,25,no,308bcb5b-3adc-4940-0ca8-31139ff80573
KXJLEAGUEGAME-25NOV08REYNGE-REY,2025-11-08T08:36:47.644123Z,0.91,75,no,878f8312-d208-582c-7f6d-c71bd9a5cfc3
KXJLEAGUEGAME-25NOV08REYNGE-REY,2025-11-08T08:36:45.521409Z,0.91,25,no,e656269a-5bd0-4a28-97ea-851147f2edc7
KXJLEAGUEGAME-25NOV08REYNGE-REY,2025-11-08T08:36:43.651885Z,0.91,75,no,2ade47de-74f0-5684-0ce2-6d864a1488db
KXJLEAGUEGAME-25NOV08REYNGE-REY,2025-11-08T08:36:42.680433Z,0.91,25,no,bb1fd7cc-fd7c-750c-ae88-a5f365e8f3c3
KXJLEAGUEGAME-25NOV08REYNGE-REY,2025-11-08T08:36:39.922162Z,0.91,25,no,60557926-3078-463c-2935-891cca2c67c3
KXJLEAGUEGAME-25NOV08REYNGE-REY,2025-11-08T08:36:38.657433Z,0.91,75,no,828af9bc-ae88-4938-df9a-7ed0d49f8b83
KXJLEAGUEGAME-25NOV08REYNGE-REY,2025-11-08T08:36:36.471511Z,0.91,25,no,abfc86f4-267c-4c34-142b-f91699e40d27
KXJLEAGUEGAME-25NOV08REYNGE-REY,2025-11-08T08:36:34.780116Z,0.91,75,no,3ae2611f-b870-4e74-1ef1-d5dc9b5505c3
KXJLEAGUEGAME-25NOV08REYNGE-REY,2025-11-08T08:36:33.688506Z,0.91,25,no,315cbd7e-cee0-71d8-3f06-ff880e392cef
KXJLEAGUEGAME-25NOV08REYNGE-REY,2025-11-08T08:36:30.471839Z,0.91,25,no,399b1b85-1a80-67e4-1959-dad36df69f87
KXJLEAGUEGAME-25NOV08REYNGE-REY,2025-11-08T08:36:27.429736Z,0.91,25,no,e7fff0b5-f04c-5c08-df2a-a0f22f45ac37
KXJLEAGUEGAME-25NOV08REYNGE-REY,2025-11-08T08:36:25.001472Z,0.91,75,no,489b2dd0-504c-7ed0-52b3-3cff7fe93bc7
KXJLEAGUEGAME-25NOV08REYNGE-REY,2025-11-08T08:36:24.60534Z,0.91,25,no,7f85f900-dddc-45b4-3726-c009cac4d1ab
KXJLEAGUEGAME-25NOV08REYNGE-REY,2025-11-08T08:36:21.553869Z,0.91,25,no,70629fc2-297c-5bbc-e8f9-36480f7ceb97
KXJLEAGUEGAME-25NOV08REYNGE-REY,2025-11-08T08:36:19.413717Z,0.91,75,no,5fcebc2d-ee18-5194-a4e2-6c0f8bded667
KXJLEAGUEGAME-25NOV08REYNGE-REY,2025-11-08T08:36:18.726246Z,0.91,25,no,f417ac9e-ee44-4ad8-1879-c9455b096d6f
KXJLEAGUEGAME-25NOV08REYNGE-REY,2025-11-08T08:36:15.687326Z,0.91,25,no,56bc992e-81a0-4d6c-26fd-2a0ec4c29ce7
KXJLEAGUEGAME-25NOV08REYNGE-REY,2025-11-08T08:36:15.476826Z,0.91,75,no,9d2235b3-a85c-6124-afa6-3d97774d459b
KXJLEAGUEGAME-25NOV08REYNGE-REY,2025-11-08T08:36:12.675769Z,0.91,25,no,ac56fd6a-97b0-55a8-bc72-d50541af8d17
KXJLEAGUEGAME-25NOV08REYNGE-REY,2025-11-08T08:36:11.390624Z,0.91,75,no,6eb4270a-b52c-4c80-7732-a0305de3cb83
KXJLEAGUEGAME-25NOV08REYNGE-REY,2025-11-08T08:36:09.57963Z,0.91,25,no,d3c5ed02-cec8-5eac-c8bf-aedad64f45e7
KXJLEAGUEGAME-25NOV08REYNGE-REY,2025-11-08T08:35:57.969246Z,0.91,25,no,46a95700-124c-6f5c-c2a2-be91ed1723f3
KXJLEAGUEGAME-25NOV08REYNGE-REY,2025-11-08T08:35:55.732475Z,0.91,75,no,e3b56ed6-47ac-7a3c-e6cf-ecc8d12f925f
KXJLEAGUEGAME-25NOV08REYNGE-REY,2025-11-08T08:35:55.045677Z,0.99,24,yes,f3b389ea-7c23-4920-a235-1d56e6d035b1
KXJLEAGUEGAME-25NOV08REYNGE-REY,2025-11-08T08:35:55.045677Z,0.98,200,yes,dc2d0bfa-3b10-4d8e-91ae-9ef3249664d1
KXJLEAGUEGAME-25NOV08REYNGE-REY,2025-11-08T08:35:55.045677Z,0.97,287,yes,820114e6-2251-4806-92e4-e1317edeb4d9
KXJLEAGUEGAME-25NOV08REYNGE-REY,2025-11-08T08:35:54.749734Z,0.91,25,no,8f2835dd-e770-6a68-ba9b-d1333812974f
KXJLEAGUEGAME-25NOV08REYNGE-REY,2025-11-08T08:35:51.444241Z,0.91,25,no,023e0b33-fcc8-43ec-3350-b3fa59cb82f7
KXJLEAGUEGAME-25NOV08REYNGE-REY,2025-11-08T08:35:50.959466Z,0.91,75,no,b38f982b-dec4-6a98-68d3-00aa07e824eb
KXJLEAGUEGAME-25NOV08REYNGE-REY,2025-11-08T08:35:07.178004Z,0.9,25,no,19c16706-3d68-43f4-3b11-17f5d83da9bb
KXJLEAGUEGAME-25NOV08REYNGE-REY,2025-11-08T08:35:07.112602Z,0.9,75,no,58d28aaf-b0fc-6620-b0eb-92c16d5c02f3
KXJLEAGUEGAME-25NOV08REYNGE-REY,2025-11-08T08:35:03.843697Z,0.9,25,no,067629e1-5990-4da8-ff49-3967e0908907
KXJLEAGUEGAME-25NOV08REYNGE-REY,2025-11-08T08:34:58.86592Z,0.9,25,no,215f56e0-ecc0-4f7c-7eb6-b402710c9393
KXJLEAGUEGAME-25NOV08REYNGE-REY,2025-11-08T08:34:55.564498Z,0.9,25,no,87e0b810-e7cc-636c-9146-35ac0dc9c67b
KXJLEAGUEGAME-25NOV08REYNGE-REY,2025-11-08T08:34:52.751309Z,0.9,25,no,0227c767-a1f8-625c-fcb2-a62b130344cf
KXJLEAGUEGAME-25NOV08REYNGE-REY,2025-11-08T08:34:50.259531Z,0.97,17,yes,4591237f-d0fd-6ba6-f0ac-4e83b21ca2f5
KXJLEAGUEGAME-25NOV08REYNGE-REY,2025-11-08T08:34:49.13023Z,0.9,44,no,dba548bf-dc88-489c-5e36-c11f157dc3f3
KXJLEAGUEGAME-25NOV08REYNGE-REY,2025-11-08T08:34:19.828051Z,0.89,25,no,32c2c80e-3390-5368-5abd-ca585915a58f
KXJLEAGUEGAME-25NOV08REYNGE-REY,2025-11-08T08:34:17.580978Z,0.89,25,no,5aaa0e60-f050-567c-a869-39aed48347bf
KXJLEAGUEGAME-25NOV08REYNGE-REY,2025-11-08T08:34:13.804531Z,0.89,25,no,01fa1225-c824-5404-f994-cda611730f53
KXJLEAGUEGAME-25NOV08REYNGE-REY,2025-11-08T08:34:10.31728Z,0.89,25,no,5da9ce53-1a58-7ab8-dc8b-46c00bfbc987
KXJLEAGUEGAME-25NOV08REYNGE-REY,2025-11-08T08:34:07.375349Z,0.89,25,no,e2a54c0b-6830-7a54-24dd-5ee4980adb73
KXJLEAGUEGAME-25NOV08REYNGE-REY,2025-11-08T08:34:05.522644Z,0.89,25,no,fe596c3d-a444-5228-20b2-a49476404497
KXJLEAGUEGAME-25NOV08REYNGE-REY,2025-11-08T08:34:01.047894Z,0.89,25,no,fa85cb01-e5f0-69e4-d799-773c33c2c48b
KXJLEAGUEGAME-25NOV08REYNGE-REY,2025-11-08T08:33:58.388146Z,0.89,25,no,98652807-ec68-5814-2fae-2274d613a7db
KXJLEAGUEGAME-25NOV08REYNGE-REY,2025-11-08T08:33:55.219099Z,0.89,25,no,918faead-f048-4d28-e6a4-9a8866463c67
KXJLEAGUEGAME-25NOV08REYNGE-REY,2025-11-08T08:33:52.189606Z,0.89,25,no,78fb8633-ddf8-49cc-884e-307b359967ff
KXJLEAGUEGAME-25NOV08REYNGE-REY,2025-11-08T08:33:49.266963Z,0.89,25,no,3f75e772-5fc8-5a44-0f91-d21151d4316b
KXJLEAGUEGAME-25NOV08REYNGE-REY,2025-11-08T08:33:46.420956Z,0.89,25,no,f086d88e-2328-6b38-05a3-db3b71b0d9fb
KXJLEAGUEGAME-25NOV08REYNGE-REY,2025-11-08T08:33:43.782411Z,0.89,25,no,2f259fe0-5644-660c-f42a-f58baadf3ac7
KXJLEAGUEGAME-25NOV08REYNGE-REY,2025-11-08T08:33:37.300136Z,0.97,696,yes,fa1a8d5f-2099-78c6-f7e1-924b9ca07369
KXJLEAGUEGAME-25NOV08REYNGE-REY,2025-11-08T08:33:37.300136Z,0.92,525,yes,de7cff57-89d1-7e3a-f66e-8bce009c2867
KXJLEAGUEGAME-25NOV08REYNGE-REY,2025-11-08T08:33:37.300136Z,0.93,500,yes,1e2c73f0-aefb-7c36-e67d-dcbc17a3e7e2
KXJLEAGUEGAME-25NOV08REYNGE-REY,2025-11-08T08:33:31.142422Z,0.92,110,yes,ef609433-0e21-6f5e-a69c-03f07fa2566b
KXJLEAGUEGAME-25NOV08REYNGE-REY,2025-11-08T08:33:25.761913Z,0.88,5,no,b2a0399a-b803-6799-975e-c9b850378865
KXJLEAGUEGAME-25NOV08REYNGE-REY,2025-11-08T08:33:20.88251Z,0.92,165,yes,cf16df31-8a61-4fb6-c922-3b4518007c6f
KXJLEAGUEGAME-25NOV08REYNGE-REY,2025-11-08T08:32:43.473844Z,0.89,136,yes,7cde6b6b-54e4-73b1-50a8-3772ae7f338c
KXJLEAGUEGAME-25NOV08REYNGE-REY,2025-11-08T08:31:59.601685Z,0.89,33,yes,6e88669c-dbc0-6071-fdae-95524e00ed38
KXJLEAGUEGAME-25NOV08REYNGE-REY,2025-11-08T08:31:30.159076Z,0.88,30,yes,9dfc98d9-6d59-7b8f-43c6-6cbe29f9c198
KXJLEAGUEGAME-25NOV08REYNGE-REY,2025-11-08T08:31:30.159076Z,0.89,81,yes,1a1eceb2-a144-7ea1-443e-c827d1f85b40
KXJLEAGUEGAME-25NOV08REYNGE-REY,2025-11-08T08:31:08.99663Z,0.8,1,yes,199d8c7a-1e65-7530-48e9-d659a72b3959
KXJLEAGUEGAME-25NOV08REYNGE-REY,2025-11-08T08:30:27.0058Z,0.9,145,yes,d789a1a5-2843-5796-c731-820641e61984
KXJLEAGUEGAME-25NOV08REYNGE-REY,2025-11-08T08:30:27.0058Z,0.89,30,yes,2c58791d-c2ee-50ad-df6d-0f8094ee6869
KXJLEAGUEGAME-25NOV08REYNGE-REY,2025-11-08T08:15:33.400017Z,0.85,11,yes,c40bc9ef-87c7-598a-bd3f-81c7e0e0e5a3
KXJLEAGUEGAME-25NOV08REYNGE-REY,2025-11-08T08:15:14.645441Z,0.85,6,no,f8350336-0801-5606-c533-af768b0a579e
KXJLEAGUEGAME-25NOV08REYNGE-REY,2025-11-08T08:15:14.603046Z,0.85,30,yes,c8decb9e-5c4d-7946-a5ae-1376aea9febf
KXJLEAGUEGAME-25NOV08REYNGE-REY,2025-11-08T08:15:14.603046Z,0.85,214,yes,466e9849-dd51-709a-8f9d-88561c99c813
KXJLEAGUEGAME-25NOV08REYNGE-REY,2025-11-08T08:14:24.460396Z,0.85,30,yes,bc7e6df4-ffc3-58c9-5b78-1b99cb697873
KXJLEAGUEGAME-25NOV08REYNGE-REY,2025-11-08T08:14:24.460396Z,0.84,138,yes,7eac3b22-d442-5989-684a-b0a95318c7ed
KXJLEAGUEGAME-25NOV08REYNGE-REY,2025-11-08T08:14:24.460396Z,0.85,124,yes,3ee8badc-ff59-5990-4db6-03cc4b85467d
KXJLEAGUEGAME-25NOV08REYNGE-REY,2025-11-08T08:13:36.925212Z,0.84,5,yes,1740219c-2d86-4895-17ad-ec2be4e05239
KXJLEAGUEGAME-25NOV08REYNGE-REY,2025-11-08T08:12:50.383015Z,0.83,250,no,558a9820-bb5d-6344-4619-2f4da7eeda5d
KXJLEAGUEGAME-25NOV08REYNGE-REY,2025-11-08T08:12:38.984453Z,0.84,30,yes,bcf8458f-0b43-4bbf-c1c2-c518efe55576
KXJLEAGUEGAME-25NOV08REYNGE-REY,2025-11-08T08:12:38.984453Z,0.84,28,yes,1ed4c3f5-85ce-4c09-db84-bab5d11605ae
KXJLEAGUEGAME-25NOV08REYNGE-REY,2025-11-08T08:11:58.507319Z,0.84,35,yes,e86402ad-9099-75b1-4a6d-dccb7ca55f95
KXJLEAGUEGAME-25NOV08REYNGE-REY,2025-11-08T08:11:58.296529Z,0.84,1,yes,4a0a4d5b-a311-5715-ec57-3689c082bf31
KXJLEAGUEGAME-25NOV08REYNGE-REY,2025-11-08T08:11:17.715297Z,0.85,68,no,dba532c8-afd3-4c29-042f-c8efe767554a
KXJLEAGUEGAME-25NOV08REYNGE-REY,2025-11-08T08:11:17.701975Z,0.85,500,no,1d0693a0-c8a7-64fd-8d04-d34fd11f8292
KXJLEAGUEGAME-25NOV08REYNGE-REY,2025-11-08T08:11:17.676051Z,0.84,199,yes,ee6db0af-e57d-4816-058b-197f349d8c9e
KXJLEAGUEGAME-25NOV08REYNGE-REY,2025-11-08T08:11:17.676051Z,0.85,195,yes,e7be7cbb-a611-423d-0ec0-749ef360eedf
KXJLEAGUEGAME-25NOV08REYNGE-REY,2025-11-08T08:11:17.676051Z,0.84,38,yes,db95257b-b0fd-4e0c-29ca-38ed9bfb0568
KXJLEAGUEGAME-25NOV08REYNGE-REY,2025-11-08T08:09:06.240223Z,0.84,1,yes,20b697c7-e21d-75f7-06ba-1531dad085e8
KXJLEAGUEGAME-25NOV08REYNGE-REY,2025-11-08T08:08:43.687394Z,0.84,3,yes,51b2f4ea-aa7d-4b2b-a326-a68d9d66d24c
KXJLEAGUEGAME-25NOV08REYNGE-REY,2025-11-08T08:08:42.992201Z,0.84,3,yes,b089e29c-c445-6ebf-206a-e2dcba99a4dc
KXJLEAGUEGAME-25NOV08REYNGE-REY,2025-11-08T08:08:04.450831Z,0.83,1,yes,193827ab-6d6c-4f94-541d-f0a8528a7076
KXJLEAGUEGAME-25NOV08REYNGE-REY,2025-11-08T08:04:49.913225Z,0.53,7,yes,30cd3f15-e56f-4d22-df8a-cff22f003a33
KXJLEAGUEGAME-25NOV08REYNGE-REY,2025-11-08T08:04:27.899852Z,0.53,45,yes,e0e62c65-460f-419e-b29a-d00c790a8533
KXJLEAGUEGAME-25NOV08REYNGE-REY,2025-11-08T08:03:17.906458Z,0.54,60,yes,ff56c1d1-d231-5082-655b-ef72404fcbdf
KXJLEAGUEGAME-25NOV08REYNGE-REY,2025-11-08T08:03:17.906458Z,0.56,75,yes,f04990e7-c027-5e69-7ba2-696a989937c7
KXJLEAGUEGAME-25NOV08REYNGE-REY,2025-11-08T08:03:17.906458Z,0.55,75,yes,eddc729e-c50e-5c9c-5d54-63027c91a1a8
KXJLEAGUEGAME-25NOV08REYNGE-REY,2025-11-08T08:03:17.906458Z,0.6,75,yes,d1525f03-9922-5c32-636d-606ae006f304
KXJLEAGUEGAME-25NOV08REYNGE-REY,2025-11-08T08:03:17.906458Z,0.58,75,yes,b62c42b0-5eea-5018-5b9f-62d8ecc95a36
KXJLEAGUEGAME-25NOV08REYNGE-REY,2025-11-08T08:03:17.906458Z,0.54,103,yes,a6d396a9-3a22-5b57-686f-ac11ec1767ff
KXJLEAGUEGAME-25NOV08REYNGE-REY,2025-11-08T08:03:17.906458Z,0.66,32,yes,91692617-489e-55f9-45b1-81af13c751ad
KXJLEAGUEGAME-25NOV08REYNGE-REY,2025-11-08T08:03:17.906458Z,0.64,75,yes,602ce498-04c2-54ac-5e54-b1e222ca6307
KXJLEAGUEGAME-25NOV08REYNGE-REY,2025-11-08T08:03:17.906458Z,0.53,64,yes,5c822c46-10d4-587a-4c43-8decd14f4d3b
KXJLEAGUEGAME-25NOV08REYNGE-REY,2025-11-08T08:03:17.906458Z,0.54,38,yes,3196989e-0333-5f8b-5486-6ba408b0b01d
KXJLEAGUEGAME-25NOV08REYNGE-REY,2025-11-08T08:03:17.906458Z,0.62,75,yes,2c101827-fa01-5eaa-71bf-61d307735ac6
KXJLEAGUEGAME-25NOV08REYNGE-REY,2025-11-08T08:02:44.15433Z,0.53,75,yes,cccfbaed-d2ce-79ad-e331-3dc2175e0906
KXJLEAGUEGAME-25NOV08REYNGE-REY,2025-11-08T08:02:44.15433Z,0.54,38,yes,b82253c8-453b-782c-fd91-a98b905993f1
KXJLEAGUEGAME-25NOV08REYNGE-REY,2025-11-08T08:02:44.15433Z,0.54,71,yes,83884a5b-9aa3-731d-dbe9-414a32517e98
KXJLEAGUEGAME-25NOV08REYNGE-REY,2025-11-08T08:02:44.15433Z,0.55,19,yes,0c5473e9-8e4a-7417-d71f-d6cda8ed52d3
KXJLEAGUEGAME-25NOV08REYNGE-REY,2025-11-08T08:01:51.801008Z,0.55,80,yes,f52e25e4-5a16-59c3-2eca-ee5754804483
KXJLEAGUEGAME-25NOV08REYNGE-REY,2025-11-08T08:01:51.801008Z,0.53,75,yes,a24c7d3b-acf2-51b9-07fa-249771ef13e9
KXJLEAGUEGAME-25NOV08REYNGE-REY,2025-11-08T08:01:51.801008Z,0.54,38,yes,4df0aa8f-82e5-5045-291a-d2e203645dd4
KXJLEAGUEGAME-25NOV08REYNGE-REY,2025-11-08T08:01:51.801008Z,0.54,75,yes,291ce7c7-be40-587e-2c23-20063bff2b3d
KXJLEAGUEGAME-25NOV08REYNGE-REY,2025-11-08T08:01:21.872966Z,0.54,38,yes,c5eb3ccf-cdd1-7ed1-1964-a2aa21cd3df3
KXJLEAGUEGAME-25NOV08REYNGE-REY,2025-11-08T08:01:21.872966Z,0.54,24,yes,7c71856e-3027-762a-0f30-32f8ce0fec74
KXJLEAGUEGAME-25NOV08REYNGE-REY,2025-11-08T08:01:21.872966Z,0.53,101,yes,444c6c52-ebcd-75d9-3dbb-c1d1a34d6ae6
KXJLEAGUEGAME-25NOV08REYNGE-REY,2025-11-08T08:00:13.54649Z,0.53,8,no,92fbeb8c-b214-5a7b-30ca-83a2edf13513
KXJLEAGUEGAME-25NOV08REYNGE-REY,2025-11-08T08:00:09.23317Z,0.53,3,no,656f09a8-80ac-7507-35d2-3253db40008b
KXJLEAGUEGAME-25NOV08REYNGE-REY,2025-11-08T07:59:31.266226Z,0.53,47,yes,89a45ce3-5410-59dc-0e88-d78d72a21513
KXJLEAGUEGAME-25NOV08REYNGE-REY,2025-11-08T07:57:57.495898Z,0.54,38,yes,f3b79dcd-ad7d-4b57-90b2-93e2d8752b73
KXJLEAGUEGAME-25NOV08REYNGE-REY,2025-11-08T07:57:57.495898Z,0.54,3,yes,9a014f91-50a7-4f73-8578-6e139de1ee6c
KXJLEAGUEGAME-25NOV08REYNGE-REY,2025-11-08T07:57:57.495898Z,0.53,51,yes,44aeb52b-82b7-4171-82a1-6cec0a820760
KXJLEAGUEGAME-25NOV08REYNGE-REY,2025-11-08T07:57:38.081039Z,0.51,1,no,b9182826-72ba-67da-0ec7-fbf59656bfe7
KXJLEAGUEGAME-25NOV08REYNGE-REY,2025-11-08T07:57:38.081039Z,0.5,29,no,2200157e-f2ef-6dbc-3653-90695adfae6d
KXJLEAGUEGAME-25NOV08REYNGE-REY,2025-11-08T07:57:24.632723Z,0.53,1,yes,df9805ff-b2bb-4119-1b53-dcaa680620a9
KXJLEAGUEGAME-25NOV08REYNGE-REY,2025-11-08T07:57:24.632723Z,0.54,95,yes,8c389e8f-3205-4146-30da-9ac36174ed22
KXJLEAGUEGAME-25NOV08REYNGE-REY,2025-11-08T07:57:24.632723Z,0.55,44,yes,749c81ce-d120-4824-12da-a7db0eb06077
KXJLEAGUEGAME-25NOV08REYNGE-REY,2025-11-08T07:57:24.632723Z,0.54,38,yes,66e93bf8-9067-440b-20be-5d023cd53c60
KXJLEAGUEGAME-25NOV08REYNGE-REY,2025-11-08T07:55:24.028083Z,0.53,9,yes,11ef53d2-839b-5875-7310-1af05e6d8545
KXJLEAGUEGAME-25NOV08REYNGE-REY,2025-11-08T07:54:29.938337Z,0.53,45,yes,55d3291d-566b-68d9-7996-ac9aa637ff29
KXJLEAGUEGAME-25NOV08REYNGE-REY,2025-11-08T07:54:22.412633Z,0.53,25,yes,1e21ebf8-ed6b-4f35-ff2c-1573132eda0d
KXJLEAGUEGAME-25NOV08REYNGE-REY,2025-11-08T07:53:32.192356Z,0.53,15,yes,f4669bf8-7837-4599-6aff-aefa24a072bd
KXJLEAGUEGAME-25NOV08REYNGE-REY,2025-11-08T07:53:07.754318Z,0.53,88,yes,f442d94a-f37e-442a-33fc-6cd7d0f1f0a7
KXJLEAGUEGAME-25NOV08REYNGE-REY,2025-11-08T07:53:07.754318Z,0.54,3,yes,3169958e-ff1d-43b6-10bf-9763dd306ca3
KXJLEAGUEGAME-25NOV08REYNGE-REY,2025-11-08T07:52:37.238077Z,0.53,9,yes,a309b9c0-f5a5-4fb9-b536-23d2fe9897ae
KXJLEAGUEGAME-25NOV08REYNGE-REY,2025-11-08T07:50:57.263274Z,0.53,18,yes,584fb2fc-2c40-73d6-0e7c-361d3192b3b7
KXJLEAGUEGAME-25NOV08REYNGE-REY,2025-11-08T07:50:16.564164Z,0.54,44,yes,6792442d-68b3-604a-dba2-4c26ad724a1b
KXJLEAGUEGAME-25NOV08REYNGE-REY,2025-11-08T07:47:31.805762Z,0.54,44,yes,7533e81c-7011-5f39-c2d0-0cc555200b51
KXJLEAGUEGAME-25NOV08REYNGE-REY,2025-11-08T07:42:11.56212Z,0.54,18,yes,3d1d54bb-f498-47dc-7782-f1598fda19ff
KXJLEAGUEGAME-25NOV08REYNGE-REY,2025-11-08T07:40:19.162697Z,0.55,10,yes,128c59b1-ae9c-4103-7b1b-d7ac69fe0154
KXJLEAGUEGAME-25NOV08REYNGE-REY,2025-11-08T07:37:03.310026Z,0.58,10,no,c232d93b-905d-50d4-3495-b99f17b04010
KXJLEAGUEGAME-25NOV08REYNGE-REY,2025-11-08T07:35:31.894931Z,0.59,9,yes,e3112843-15d5-4eb4-51cf-0dde42cc03cd
KXJLEAGUEGAME-25NOV08REYNGE-REY,2025-11-08T07:34:20.983685Z,0.59,16,yes,079897c4-70bc-6dfa-1bd4-be73930d74f3
KXJLEAGUEGAME-25NOV08REYNGE-REY,2025-11-08T07:32:47.828165Z,0.59,16,yes,3f6584e1-104e-74dd-c4b6-53fc7ec58481
KXJLEAGUEGAME-25NOV08REYNGE-REY,2025-11-08T07:25:26.105495Z,0.6,40,yes,07bae8f7-c74d-6347-7976-f5e439e6f063
KXJLEAGUEGAME-25NOV08REYNGE-REY,2025-11-08T07:21:12.18201Z,0.6,1,yes,48b6d43f-c4f2-67dd-65bb-6353d9c4ac0a
KXJLEAGUEGAME-25NOV08REYNGE-REY,2025-11-08T07:21:09.552439Z,0.6,33,yes,633511d2-b83a-6df9-a86e-8c571bf794ea
KXJLEAGUEGAME-25NOV08REYNGE-REY,2025-11-08T07:20:10.654924Z,0.61,28,yes,d8b4d9a8-d428-7983-b92f-f51b9680131a
KXJLEAGUEGAME-25NOV08REYNGE-REY,2025-11-08T07:19:20.68827Z,0.61,2,yes,1532666e-fb95-7a7e-78d7-95528878df13
KXJLEAGUEGAME-25NOV08REYNGE-REY,2025-11-08T07:17:00.587445Z,0.63,38,yes,c3cfd02d-bcc5-56d4-28ac-4cfc60233f33
KXJLEAGUEGAME-25NOV08REYNGE-REY,2025-11-08T07:17:00.587445Z,0.62,262,yes,b2c965ed-4dd6-58b5-1138-9892c23f91a0
KXJLEAGUEGAME-25NOV08REYNGE-REY,2025-11-08T07:17:00.587445Z,0.62,200,yes,1a486f88-9611-5181-0570-639ba50f3fdf
KXJLEAGUEGAME-25NOV08REYNGE-REY,2025-11-08T07:17:00.446975Z,0.62,1,yes,72a83ac7-3cb2-6141-99d3-342d9af686dc
KXJLEAGUEGAME-25NOV08REYNGE-REY,2025-11-08T07:15:24.509773Z,0.59,105,no,ba04dd56-c057-7622-fa7c-8faa7c4234e7
KXJLEAGUEGAME-25NOV08REYNGE-REY,2025-11-08T07:15:24.509773Z,0.61,110,no,82ec2614-711e-7bb5-f13a-805363efa39d
KXJLEAGUEGAME-25NOV08REYNGE-REY,2025-11-08T07:15:24.509773Z,0.6,110,no,4e3bd849-137a-78fc-f71f-cf40b5eaccc7
KXJLEAGUEGAME-25NOV08REYNGE-REY,2025-11-08T07:15:24.509773Z,0.6,30,no,4038ac24-93e5-7d53-f2fb-0abb87238953
KXJLEAGUEGAME-25NOV08REYNGE-REY,2025-11-08T07:15:24.509773Z,0.59,145,no,2c30d71d-6345-7e50-c2c5-fd6beab15aa5
KXJLEAGUEGAME-25NOV08REYNGE-REY,2025-11-08T07:14:46.175467Z,0.58,135,no,a5240b93-0572-7306-435d-bf14c5d7c601
KXJLEAGUEGAME-25NOV08REYNGE-REY,2025-11-08T07:14:46.175467Z,0.6,144,no,7ba2f9c8-c128-70c6-41f1-675c7dc51c14
KXJLEAGUEGAME-25NOV08REYNGE-REY,2025-11-08T07:14:46.175467Z,0.61,140,no,71fd1033-5eb2-79e4-781b-45698c020c7f
KXJLEAGUEGAME-25NOV08REYNGE-REY,2025-11-08T07:14:46.175467Z,0.59,144,no,1f9c3685-a19a-7b80-5f46-14a9275cdac0
KXJLEAGUEGAME-25NOV08REYNGE-REY,2025-11-08T07:14:46.175467Z,0.6,30,no,1f51ccdb-6def-7f9b-65e1-475fcdc2cbd3
KXJLEAGUEGAME-25NOV08REYNGE-REY,2025-11-08T07:11:55.426378Z,0.64,3,yes,921e5fd6-d4be-5145-2078-1b0424a80fae
KXJLEAGUEGAME-25NOV08REYNGE-REY,2025-11-08T07:06:57.055668Z,0.64,126,yes,f9673731-215d-7bdf-20b5-19a7f83b78c1
KXJLEAGUEGAME-25NOV08REYNGE-REY,2025-11-08T07:06:57.055668Z,0.65,112,yes,f10f6475-dc4b-7687-1744-d2340f4d6c33
KXJLEAGUEGAME-25NOV08REYNGE-REY,2025-11-08T07:06:57.055668Z,0.65,49,yes,1031bef6-4cbc-7dc8-1c23-1ff03248b0a9
KXJLEAGUEGAME-25NOV08REYNGE-REY,2025-11-08T07:06:47.499088Z,0.62,65,no,b3cb9539-433d-4c74-0dd4-e5da69d3315a
KXJLEAGUEGAME-25NOV08REYNGE-REY,2025-11-08T07:06:32.491733Z,0.62,126,no,a594b680-3d1c-48a3-4bcd-b6c5689a7740
KXJLEAGUEGAME-25NOV08REYNGE-REY,2025-11-08T07:06:32.491733Z,0.62,30,no,6f622868-a2a0-4d1f-6df5-245ffa7d36f9
KXJLEAGUEGAME-25NOV08REYNGE-REY,2025-11-08T07:06:18.621361Z,0.65,127,yes,a37bd87e-4aae-479d-65a2-5e1d452aa11b
KXJLEAGUEGAME-25NOV08REYNGE-REY,2025-11-08T07:06:18.621361Z,0.64,162,yes,941acf3e-a445-404d-7be7-054c51eb743d
KXJLEAGUEGAME-25NOV08REYNGE-REY,2025-11-08T07:06:18.621361Z,0.65,88,yes,7a740e5a-2af3-496f-70d4-1e37b364dddf
KXJLEAGUEGAME-25NOV08REYNGE-REY,2025-11-08T07:05:45.705115Z,0.65,166,yes,7a750a69-7b07-74a0-54a2-514174838116
KXJLEAGUEGAME-25NOV08REYNGE-REY,2025-11-08T07:05:45.705115Z,0.65,84,yes,4f542a29-4ffe-7f2d-56db-d8af5a86c28b
KXJLEAGUEGAME-25NOV08REYNGE-REY,2025-11-08T07:05:34.353204Z,0.65,4,yes,49ed876b-4517-4f18-cc6c-8077cb317d56
KXJLEAGUEGAME-25NOV08REYNGE-REY,2025-11-08T07:05:22.880179Z,0.65,30,yes,1136ec44-24fb-65fc-b00f-42d4ea5255ca
KXJLEAGUEGAME-25NOV08REYNGE-REY,2025-11-08T06:57:48.730716Z,0.64,1,yes,823a20e3-5c4d-5e85-0bc7-ae01a2f430e6
KXJLEAGUEGAME-25NOV08REYNGE-REY,2025-11-08T06:57:01.672844Z,0.61,254,no,f78d9108-edf3-7fad-3b19-11a564af92b5
KXJLEAGUEGAME-25NOV08REYNGE-REY,2025-11-08T06:57:01.672844Z,0.61,38,no,0adb0e63-b8e0-7a71-00df-8ad0f28fe9cf
KXJLEAGUEGAME-25NOV08REYNGE-REY,2025-11-08T06:54:24.200041Z,0.65,13,yes,0581ec76-e10c-771c-7efd-c44e72dc9fed
KXJLEAGUEGAME-25NOV08REYNGE-REY,2025-11-08T06:24:21.883601Z,0.69,7,yes,ed0c45c2-7a68-5baa-ae63-1dae0bf72b47
KXJLEAGUEGAME-25NOV08REYNGE-REY,2025-11-08T06:20:40.026337Z,0.69,4,yes,1fd33478-36a4-7bd6-5220-e1c1f5b8e2cf
KXJLEAGUEGAME-25NOV08REYNGE-REY,2025-11-08T06:16:56.501146Z,0.7,40,yes,4f688f8a-a2ce-4a72-3a83-25cca9931a49
KXJLEAGUEGAME-25NOV08REYNGE-REY,2025-11-08T06:16:56.501146Z,0.69,30,yes,38f5ff17-9778-4567-221d-9e71cee86f6c
KXJLEAGUEGAME-25NOV08REYNGE-REY,2025-11-08T05:45:03.892354Z,0.72,6,yes,beaa18dd-bfdb-4456-952c-e02cdbae8361
KXJLEAGUEGAME-25NOV08REYNGE-REY,2025-11-08T05:45:03.892354Z,0.71,30,yes,640b3611-3fe6-4a8c-a858-c94e41b64514
KXJLEAGUEGAME-25NOV08REYNGE-REY,2025-11-08T05:36:08.511545Z,0.71,30,yes,30f1e93b-fef0-6d67-7487-1ee37c74cd87
KXJLEAGUEGAME-25NOV08REYNGE-REY,2025-11-08T05:36:08.511545Z,0.72,206,yes,230506cd-f0d3-6776-532d-53b2b7ae9e21
KXJLEAGUEGAME-25NOV08REYNGE-REY,2025-11-08T05:33:46.39788Z,0.71,13,yes,d50b156e-6303-7cf5-5309-56f304b84913
KXJLEAGUEGAME-25NOV08REYNGE-REY,2025-11-08T05:30:11.382342Z,0.72,27,yes,3b5481c1-6823-6c96-111a-f3e3027ed265
KXJLEAGUEGAME-25NOV08REYNGE-REY,2025-11-08T05:16:11.799547Z,0.72,93,yes,d0ea34bc-2d33-780e-1fbe-2c133e29993d
