ticker,created_time,price,count,taker_side,trade_id
KXJLEAGUEGAME-25NOV09SHICER-CER,2025-11-09T08:00:25.029474Z,0.99,60,no,cf46f6aa-1921-640c-da70-e7393889579a
KXJLEAGUEGAME-25NOV09SHICER-CER,2025-11-09T07:57:43.550098Z,0.99,116,no,7654e315-fbed-563c-1048-b18dcc54b8c6
KXJLEAGUEGAME-25NOV09SHICER-CER,2025-11-09T07:53:41.726565Z,0.99,5,no,eccc0ffa-f62c-4e4b-2e96-55955dbeb202
KXJLEAGUEGAME-25NOV09SHICER-CER,2025-11-09T07:51:03.078757Z,0.99,53,no,1488abf0-8841-62dc-0976-7c15d7bc5a26
KXJLEAGUEGAME-25NOV09SHICER-CER,2025-11-09T07:50:55.1312Z,0.99,100,yes,628de8c6-dd2c-42ca-f470-83ad57d77a1e
KXJLEAGUEGAME-25NOV09SHICER-CER,2025-11-09T07:48:24.048592Z,0.98,1369,no,204167cc-e179-6fb0-3e34-f6920ef2e744
KXJLEAGUEGAME-25NOV09SHICER-CER,2025-11-09T07:42:39.409446Z,0.99,211,no,df09e0a9-03a3-6723-e605-5ed90337679f
KXJLEAGUEGAME-25NOV09SHICER-CER,2025-11-09T07:41:12.828614Z,0.99,1158,no,486f5deb-8457-5f4b-b71a-786d182ddc5f
KXJLEAGUEGAME-25NOV09SHICER-CER,2025-11-09T07:00:17.933788Z,0.95,58,no,657f86af-47e0-7eee-ede9-45ba4f0bd923
KXJLEAGUEGAME-25NOV09SHICER-CER,2025-11-09T06:58:37.57755Z,0.99,18,yes,696331c9-6c35-7820-607d-4149a8d8d9dd
KXJLEAGUEGAME-25NOV09SHICER-CER,2025-11-09T06:56:35.032796Z,0.99,20,yes,bd8bf719-e2c9-7198-ffb8-4065e939065d
KXJLEAGUEGAME-25NOV09SHICER-CER,2025-11-09T06:54:55.937523Z,0.97,82,no,361f441e-4f1c-4a5d-2c8c-d04aa887cae2
KXJLEAGUEGAME-25NOV09SHICER-CER,2025-11-09T06:54:55.937523Z,0.95,13,no,2a85aee7-a9e0-4602-02c3-a68595b4532b
KXJLEAGUEGAME-25NOV09SHICER-CER,2025-11-09T06:54:36.32986Z,0.99,1,yes,afdcc713-2e01-7a60-aa10-d0e2bd284355
KXJLEAGUEGAME-25NOV09SHICER-CER,2025-11-09T06:53:58.424892Z,0.99,24,yes,20c13ad8-1265-47dc-3f30-bf42bb424b79
KXJLEAGUEGAME-25NOV09SHICER-CER,2025-11-09T06:53:32.767062Z,0.97,5,no,f8c06adf-326c-43a1-0284-0275a04cf74a
KXJLEAGUEGAME-25NOV09SHICER-CER,2025-11-09T06:53:26.820039Z,0.97,8,no,c4cd04c0-bd78-50fd-6014-bb28c3912226
KXJLEAGUEGAME-25NOV09SHICER-CER,2025-11-09T06:53:22.936404Z,0.99,12,yes,b8b042f6-e43d-567c-7747-ee2d584670e1
KXJLEAGUEGAME-25NOV09SHICER-CER,2025-11-09T06:53:13.94227Z,0.97,56,no,90a97c54-c04c-5681-7733-764c43557d4e
KXJLEAGUEGAME-25NOV09SHICER-CER,2025-11-09T06:53:13.000012Z,0.97,18,no,f92f896d-3204-7ea1-4415-042afd12080e
KXJLEAGUEGAME-25NOV09SHICER-CER,2025-11-09T06:53:06.145699Z,0.97,73,no,8fee689b-09cc-7301-ca9e-7c1ebeb240b2
KXJLEAGUEGAME-25NOV09SHICER-CER,2025-11-09T06:53:06.108745Z,0.98,5,yes,2a3b354b-0df6-5a60-a662-6868ad5978f0
KXJLEAGUEGAME-25NOV09SHICER-CER,2025-11-09T06:51:32.407865Z,0.98,1,yes,63c35b69-04ae-7f5c-b2a7-ec2cc048c0cc
KXJLEAGUEGAME-25NOV09SHICER-CER,2025-11-09T06:51:26.291933Z,0.95,85,no,b4e5ab6d-6ef8-48ea-720b-776da912b0c3
KXJLEAGUEGAME-25NOV09SHICER-CER,2025-11-09T06:51:09.672775Z,0.98,10,yes,27dd4bce-b112-4860-c7ae-523eb9544a7c
KXJLEAGUEGAME-25NOV09SHICER-CER,2025-11-09T06:51:00.34265Z,0.98,100,yes,54fed0a8-ea86-7cf0-6b6c-c1dc1375bcf0
KXJLEAGUEGAME-25NOV09SHICER-CER,2025-11-09T06:50:09.632919Z,0.95,111,no,f72ce778-b6cc-7be6-0f89-a49e7888d8d7
KXJLEAGUEGAME-25NOV09SHICER-CER,2025-11-09T06:49:35.105088Z,0.95,32,no,125f2e26-f360-678e-2092-e1994bafcf07
KXJLEAGUEGAME-25NOV09SHICER-CER,2025-11-09T06:48:46.522507Z,0.97,700,yes,f385c962-ebcb-7009-a8d4-a41008ffa0c5
KXJLEAGUEGAME-25NOV09SHICER-CER,2025-11-09T06:48:46.522507Z,0.99,200,yes,d7e488ef-fd12-7ed2-a866-195b8bfcbb6e
KXJLEAGUEGAME-25NOV09SHICER-CER,2025-11-09T06:48:46.522507Z,0.98,25,yes,c7a4e2e9-31de-7eea-a6b0-7c8a2f23ad39
KXJLEAGUEGAME-25NOV09SHICER-CER,2025-11-09T06:48:46.522507Z,0.99,700,yes,bf4e99e3-b085-7ce5-bcfb-782d8a29e855
KXJLEAGUEGAME-25NOV09SHICER-CER,2025-11-09T06:48:46.522507Z,0.99,200,yes,91e3dd5f-2fba-7f1f-afc4-c5e0050ce0a7
KXJLEAGUEGAME-25NOV09SHICER-CER,2025-11-09T06:48:46.522507Z,0.99,100,yes,8351c898-871a-7472-8603-2942d2669202
KXJLEAGUEGAME-25NOV09SHICER-CER,2025-11-09T06:48:46.522507Z,0.99,20,yes,7da8457a-9bc2-711b-b8f3-e42658df30a7
KXJLEAGUEGAME-25NOV09SHICER-CER,2025-11-09T06:48:46.522507Z,0.99,1000,yes,72663ae4-110b-718d-93e8-a5ca6e33287a
KXJLEAGUEGAME-25NOV09SHICER-CER,2025-11-09T06:48:46.522507Z,0.99,500,yes,55470236-64c6-7bcb-9e6e-39a30029e989
KXJLEAGUEGAME-25NOV09SHICER-CER,2025-11-09T06:48:46.522507Z,0.98,200,yes,31e7f53a-2f0d-7937-94cf-88a0b758f2d1
KXJLEAGUEGAME-25NOV09SHICER-CER,2025-11-09T06:48:46.522507Z,0.99,13,yes,2ed31401-22a8-7a71-8991-162ab0faf490
KXJLEAGUEGAME-25NOV09SHICER-CER,2025-11-09T06:48:18.326344Z,0.95,12,no,59c51637-2a24-7d12-1eac-455124a685ab
KXJLEAGUEGAME-25NOV09SHICER-CER,2025-11-09T06:48:18.278468Z,0.96,3,yes,a017974a-6305-5c05-5926-8a6512dfb733
KXJLEAGUEGAME-25NOV09SHICER-CER,2025-11-09T06:48:17.09945Z,0.95,288,no,f21556b8-bf5c-5db6-5144-a7e8035a03d3
KXJLEAGUEGAME-25NOV09SHICER-CER,2025-11-09T06:48:15.87577Z,0.95,1,no,712f4d3f-d944-592e-dca5-b91257e73237
KXJLEAGUEGAME-25NOV09SHICER-CER,2025-11-09T06:48:15.803801Z,0.95,558,yes,ee989544-86e3-7dd4-e409-439cca36bf55
KXJLEAGUEGAME-25NOV09SHICER-CER,2025-11-09T06:47:59.0422Z,0.95,8,yes,6c45b9db-b3e7-4084-29a8-43bc50e102ad
KXJLEAGUEGAME-25NOV09SHICER-CER,2025-11-09T06:47:36.071955Z,0.94,2,no,5ddde91d-d15f-5dfb-7087-12237c3f1e95
KXJLEAGUEGAME-25NOV09SHICER-CER,2025-11-09T06:47:22.360654Z,0.95,150,yes,efe63592-8f6b-4a48-69c6-d0c524162f89
KXJLEAGUEGAME-25NOV09SHICER-CER,2025-11-09T06:46:59.8683Z,0.95,32,yes,19b72c6b-8fc7-48e0-0b35-21b1b36d2725
KXJLEAGUEGAME-25NOV09SHICER-CER,2025-11-09T06:46:54.398126Z,0.95,20,yes,c091c946-c33f-79e0-da4d-92462ff0780d
KXJLEAGUEGAME-25NOV09SHICER-CER,2025-11-09T06:46:53.229572Z,0.94,9,yes,15906649-b142-7996-5d5a-1298070666ab
KXJLEAGUEGAME-25NOV09SHICER-CER,2025-11-09T06:46:15.785129Z,0.95,32,yes,a4dff4e3-6bef-468c-c153-9aa34ee33441
KXJLEAGUEGAME-25NOV09SHICER-CER,2025-11-09T06:46:15.785129Z,0.94,500,yes,823f5f7c-1ecb-49b9-c270-8caaa0a90f06
KXJLEAGUEGAME-25NOV09SHICER-CER,2025-11-09T06:46:15.785129Z,0.94,595,yes,17dee597-baa7-4207-e63c-c4212776745d
KXJLEAGUEGAME-25NOV09SHICER-CER,2025-11-09T06:45:53.374019Z,0.94,21,yes,13e9d02b-dc9b-5403-eb3c-9775cf9796fd
KXJLEAGUEGAME-25NOV09SHICER-CER,2025-11-09T06:45:52.805338Z,0.94,105,yes,dc104198-90eb-742b-7d6c-063cd47dc43d
KXJLEAGUEGAME-25NOV09SHICER-CER,2025-11-09T06:45:43.819844Z,0.94,10,yes,73ab9ee7-d78f-7d9b-809e-785f2bba9e01
KXJLEAGUEGAME-25NOV09SHICER-CER,2025-11-09T06:45:40.445737Z,0.94,26,yes,e244dd42-7fd7-6db3-c0a4-e1a3aac86ab5
KXJLEAGUEGAME-25NOV09SHICER-CER,2025-11-09T06:45:36.522297Z,0.88,7,no,a05f60c9-689b-6370-fe39-be0a86f08302
KXJLEAGUEGAME-25NOV09SHICER-CER,2025-11-09T06:45:34.929446Z,0.88,8,yes,f048a658-5582-71dd-7d7b-f56ea52f7b7c
KXJLEAGUEGAME-25NOV09SHICER-CER,2025-11-09T06:44:59.85116Z,0.87,300,no,f8036742-9ded-45fe-27a2-d18761731a6a
KXJLEAGUEGAME-25NOV09SHICER-CER,2025-11-09T06:44:59.85116Z,0.87,150,no,d54e8e7c-07de-4af3-388f-dec0b06c118d
KXJLEAGUEGAME-25NOV09SHICER-CER,2025-11-09T06:44:59.85116Z,0.7,31,no,a51c3502-52dc-4017-19af-b56552952171
KXJLEAGUEGAME-25NOV09SHICER-CER,2025-11-09T06:44:23.103246Z,0.88,54,yes,29efa132-955e-5dd1-ccc1-9d295f25d9f4
KXJLEAGUEGAME-25NOV09SHICER-CER,2025-11-09T06:43:41.799653Z,0.88,13,no,16ea1293-f26b-7ada-f0bd-d3f431d3e4a6
KXJLEAGUEGAME-25NOV09SHICER-CER,2025-11-09T06:43:40.757814Z,0.88,25,yes,826d4f38-aed7-5a6a-71e9-604b0c0c9ba9
KXJLEAGUEGAME-25NOV09SHICER-CER,2025-11-09T06:43:40.757814Z,0.9,48,yes,5f78734f-b8d0-577d-5f89-d650947f0c5f
KXJLEAGUEGAME-25NOV09SHICER-CER,2025-11-09T06:43:23.137748Z,0.88,25,no,6e7ee812-99c6-7ede-2cbd-c4402ebfda47
KXJLEAGUEGAME-25NOV09SHICER-CER,2025-11-09T06:43:20.052475Z,0.88,25,no,6cec5c9c-404a-4446-29c0-f02e98cb1a13
KXJLEAGUEGAME-25NOV09SHICER-CER,2025-11-09T06:43:08.925207Z,0.9,8,yes,5369cd82-3423-40cd-bbe6-91d6f2fbdd3f
KXJLEAGUEGAME-25NOV09SHICER-CER,2025-11-09T06:43:06.980306Z,0.87,25,no,6c3f834b-37ce-560f-9872-bad4d217b031
KXJLEAGUEGAME-25NOV09SHICER-CER,2025-11-09T06:43:04.341816Z,0.87,25,no,adfe15cf-038e-4073-c5ec-69d1f5b0b83d
KXJLEAGUEGAME-25NOV09SHICER-CER,2025-11-09T06:42:59.685307Z,0.88,25,no,e638255e-c9bd-4080-e950-9ac2814c65dc
KXJLEAGUEGAME-25NOV09SHICER-CER,2025-11-09T06:42:58.204762Z,0.88,75,no,a3813381-0991-5b58-4dd0-ac81c1a7657c
KXJLEAGUEGAME-25NOV09SHICER-CER,2025-11-09T06:42:57.068083Z,0.88,25,no,8b2ec858-3515-77dc-7fee-ea9472d6eacc
KXJLEAGUEGAME-25NOV09SHICER-CER,2025-11-09T06:42:54.0015Z,0.87,25,no,a0e331a0-462a-632e-f807-05de29ffe02f
KXJLEAGUEGAME-25NOV09SHICER-CER,2025-11-09T06:42:53.968816Z,0.9,287,yes,cdd6e40e-6907-7cf9-6851-80f2e63ada43
KXJLEAGUEGAME-25NOV09SHICER-CER,2025-11-09T06:42:52.031421Z,0.87,25,no,ec4d1ede-7f56-4012-b54d-9db39e75d3ef
KXJLEAGUEGAME-25NOV09SHICER-CER,2025-11-09T06:42:52.031421Z,0.87,50,no,7bd56a55-842f-4296-9a15-fa5add42d2eb
KXJLEAGUEGAME-25NOV09SHICER-CER,2025-11-09T06:42:50.992336Z,0.87,25,no,632c7381-df1c-7db7-534d-6f1fece666c6
KXJLEAGUEGAME-25NOV09SHICER-CER,2025-11-09T06:42:48.551309Z,0.89,10,yes,ed1e7093-d052-42ac-965f-e4fc314080a8
KXJLEAGUEGAME-25NOV09SHICER-CER,2025-11-09T06:42:48.551309Z,0.9,1,yes,19336f91-9173-48fd-9a62-a68bf2c871b3
KXJLEAGUEGAME-25NOV09SHICER-CER,2025-11-09T06:42:48.042259Z,0.88,25,no,be715431-84ab-680f-61eb-24db275630c2
KXJLEAGUEGAME-25NOV09SHICER-CER,2025-11-09T06:42:46.524765Z,0.87,75,no,c079201e-12ce-6464-a4c6-8fa4761ded37
KXJLEAGUEGAME-25NOV09SHICER-CER,2025-11-09T06:42:45.565588Z,0.89,158,yes,0991c0a8-280b-64a5-2cd2-348716c35530
KXJLEAGUEGAME-25NOV09SHICER-CER,2025-11-09T06:42:45.083881Z,0.87,25,no,bf6c2949-c242-70e8-6748-cf2a99943fdb
KXJLEAGUEGAME-25NOV09SHICER-CER,2025-11-09T06:42:42.299099Z,0.87,25,no,1894e447-deb6-63f4-0440-ea270cf29323
KXJLEAGUEGAME-25NOV09SHICER-CER,2025-11-09T06:42:38.833414Z,0.87,25,no,4be4635f-f7e6-55b0-e783-c51b2dfe9e53
KXJLEAGUEGAME-25NOV09SHICER-CER,2025-11-09T06:42:38.272731Z,0.87,75,no,a43b8193-1212-546c-4ed9-95cc26b89f53
KXJLEAGUEGAME-25NOV09SHICER-CER,2025-11-09T06:42:35.911315Z,0.87,25,no,af4cf43a-d4c6-6ef8-f708-1818b6bc5c77
KXJLEAGUEGAME-25NOV09SHICER-CER,2025-11-09T06:42:33.2813Z,0.87,25,no,311b9d84-0222-55e4-dc69-83e79af33f4b
KXJLEAGUEGAME-25NOV09SHICER-CER,2025-11-09T06:42:29.438674Z,0.87,25,no,b4ccd114-97b6-57d4-4cd7-bd80602700ff
KXJLEAGUEGAME-25NOV09SHICER-CER,2025-11-09T06:42:26.546484Z,0.9,116,yes,01212d65-21b8-4f00-a5b2-f80f29e04786
KXJLEAGUEGAME-25NOV09SHICER-CER,2025-11-09T06:42:24.659282Z,0.89,278,yes,40a8f85e-c8eb-6611-d617-04f08b394313
KXJLEAGUEGAME-25NOV09SHICER-CER,2025-11-09T06:42:23.925215Z,0.87,25,no,6e7456bf-2a99-67cb-5d0e-11f00d49e0a3
KXJLEAGUEGAME-25NOV09SHICER-CER,2025-11-09T06:42:20.911051Z,0.87,25,no,c201a317-146b-4cb9-d4a9-a25112771864
KXJLEAGUEGAME-25NOV09SHICER-CER,2025-11-09T06:42:18.527143Z,0.87,75,no,334b0d4f-94e3-6351-f667-a447fbceb354
KXJLEAGUEGAME-25NOV09SHICER-CER,2025-11-09T06:42:11.871512Z,0.89,12,yes,857c2f56-ffbb-48c1-a524-3d0999258b1b
KXJLEAGUEGAME-25NOV09SHICER-CER,2025-11-09T06:42:09.042678Z,0.87,75,no,d7852a9e-424a-6e4f-16b2-61eaed8121f2
KXJLEAGUEGAME-25NOV09SHICER-CER,2025-11-09T06:42:08.279205Z,0.87,25,no,989699c1-7796-52cf-1b8d-bcef272821e2
KXJLEAGUEGAME-25NOV09SHICER-CER,2025-11-09T06:42:06.093984Z,0.87,25,no,70886adc-681a-712b-aeb5-0fdab0cf611e
KXJLEAGUEGAME-25NOV09SHICER-CER,2025-11-09T06:42:04.528134Z,0.87,75,no,c5ab6f88-5ca6-58af-ff65-15c86c391d7a
KXJLEAGUEGAME-25NOV09SHICER-CER,2025-11-09T06:42:02.604176Z,0.87,35,no,219d4b49-a316-5967-53b5-35b31c0bc5c6
KXJLEAGUEGAME-25NOV09SHICER-CER,2025-11-09T06:41:59.301969Z,0.87,25,no,f378a51f-edea-6747-78ec-ef285208a38e
KXJLEAGUEGAME-25NOV09SHICER-CER,2025-11-09T06:41:47.198863Z,0.87,25,no,b98206d7-8f34-404c-f040-9ed566de9ad8
KXJLEAGUEGAME-25NOV09SHICER-CER,2025-11-09T06:41:46.773771Z,0.87,75,no,c468631c-32a4-5fbc-d6c3-89464b1482c4
KXJLEAGUEGAME-25NOV09SHICER-CER,2025-11-09T06:41:46.085288Z,0.88,188,yes,acaa6892-995a-785d-2f1b-96d2d8a03e07
KXJLEAGUEGAME-25NOV09SHICER-CER,2025-11-09T06:41:46.085288Z,0.88,37,yes,04155b32-7243-7f8c-01a4-2abe1dbe33c2
KXJLEAGUEGAME-25NOV09SHICER-CER,2025-11-09T06:41:44.758534Z,0.88,112,yes,15c472de-0eb2-5545-a2a0-d2587648412b
KXJLEAGUEGAME-25NOV09SHICER-CER,2025-11-09T06:41:44.288369Z,0.85,25,no,84124d07-7c50-5b02-5e7f-d7aef13288e3
KXJLEAGUEGAME-25NOV09SHICER-CER,2025-11-09T06:41:42.375353Z,0.85,75,no,55fd1781-9488-596a-ee38-b34e89e7e527
KXJLEAGUEGAME-25NOV09SHICER-CER,2025-11-09T06:41:19.37533Z,0.87,85,yes,bd6ffcad-7efe-58c2-56e6-e1df3317eee1
KXJLEAGUEGAME-25NOV09SHICER-CER,2025-11-09T06:41:12.017106Z,0.87,2,yes,7c43d7ba-5dde-6d66-fb52-9501bbc715fd
KXJLEAGUEGAME-25NOV09SHICER-CER,2025-11-09T06:41:08.222003Z,0.87,63,yes,3bef065c-073e-6bba-a47b-273ed3acf285
KXJLEAGUEGAME-25NOV09SHICER-CER,2025-11-09T06:40:35.816615Z,0.85,25,no,465f1a06-701c-6010-338b-bd8dc9bb51d9
KXJLEAGUEGAME-25NOV09SHICER-CER,2025-11-09T06:40:34.796086Z,0.85,75,no,046e15ba-24ac-6ab8-82d0-ee73bb6892bd
KXJLEAGUEGAME-25NOV09SHICER-CER,2025-11-09T06:40:32.911154Z,0.85,25,no,8971c7fb-b764-5d0c-55a9-877807c4423d
KXJLEAGUEGAME-25NOV09SHICER-CER,2025-11-09T06:40:28.523228Z,0.86,13,yes,1fbdf0bb-d64f-7140-0e15-769f221bbe0b
KXJLEAGUEGAME-25NOV09SHICER-CER,2025-11-09T06:40:26.076168Z,0.86,37,yes,f6bb7f60-13e9-7edf-86c8-75cbb2c18265
KXJLEAGUEGAME-25NOV09SHICER-CER,2025-11-09T06:40:26.076168Z,0.86,25,yes,d5eda0f0-e426-79c1-af4b-aa617b53dd93
KXJLEAGUEGAME-25NOV09SHICER-CER,2025-11-09T06:40:26.076168Z,0.86,2,yes,99fae460-dc3a-7933-b5c3-6539be4a4b4c
KXJLEAGUEGAME-25NOV09SHICER-CER,2025-11-09T06:40:26.076168Z,0.86,154,yes,6782d9f8-139b-71a0-bb40-acf79c8c0377
KXJLEAGUEGAME-25NOV09SHICER-CER,2025-11-09T06:40:26.076168Z,0.86,57,yes,46f9fc40-877c-7aa6-9f7b-09ae0dd5002a
KXJLEAGUEGAME-25NOV09SHICER-CER,2025-11-09T06:40:21.592915Z,0.86,36,yes,f1d4019a-f521-4373-1303-5b336f0b163d
KXJLEAGUEGAME-25NOV09SHICER-CER,2025-11-09T06:37:44.278443Z,0.86,28,yes,ae06f6dc-f921-416b-92f4-5534a304cd41
KXJLEAGUEGAME-25NOV09SHICER-CER,2025-11-09T06:37:41.874396Z,0.86,115,yes,6a459b04-fe29-75a3-cf3c-f26b541c25bd
KXJLEAGUEGAME-25NOV09SHICER-CER,2025-11-09T06:37:24.997439Z,0.86,57,yes,2da8f0e9-0bcd-5ac7-d47f-99c081f6f811
KXJLEAGUEGAME-25NOV09SHICER-CER,2025-11-09T06:37:16.349095Z,0.86,2,yes,fb05ff24-05b1-5217-b7c5-36029d3530b9
KXJLEAGUEGAME-25NOV09SHICER-CER,2025-11-09T06:37:00.877644Z,0.86,25,yes,34e585ff-f195-44ab-49f8-111fd73e8d1d
KXJLEAGUEGAME-25NOV09SHICER-CER,2025-11-09T06:35:49.581705Z,0.85,56,yes,19f59d4f-55be-46c7-f7c0-21613b1f5d1d
KXJLEAGUEGAME-25NOV09SHICER-CER,2025-11-09T06:35:49.285375Z,0.88,54,yes,cd77c7b8-7614-5463-cf90-889e0e0ea40b
KXJLEAGUEGAME-25NOV09SHICER-CER,2025-11-09T06:35:49.285375Z,0.94,43,yes,b50a0fb4-8953-586b-db46-9e9a7f6ba309
KXJLEAGUEGAME-25NOV09SHICER-CER,2025-11-09T06:35:49.285375Z,0.89,41,yes,5164ca01-41cb-56e7-ee36-a98c7dfddd4c
KXJLEAGUEGAME-25NOV09SHICER-CER,2025-11-09T06:35:49.285375Z,0.85,23,yes,23d9c645-8474-5fb0-ec76-ed36075f3451
KXJLEAGUEGAME-25NOV09SHICER-CER,2025-11-09T06:35:49.285375Z,0.85,277,yes,05a8044a-f4a4-5aaf-fbfb-9f559b69a7b4
KXJLEAGUEGAME-25NOV09SHICER-CER,2025-11-09T06:35:43.48261Z,0.85,23,yes,bc52d18c-b478-46d7-af73-977cb75e9ac8
KXJLEAGUEGAME-25NOV09SHICER-CER,2025-11-09T06:35:28.440108Z,0.84,55,yes,a26db22a-741e-6441-04a9-c4f5ddeca681
KXJLEAGUEGAME-25NOV09SHICER-CER,2025-11-09T06:35:28.440108Z,0.84,3,yes,8b6f7fd0-1e4f-690f-3bf2-e296baa8cbef
KXJLEAGUEGAME-25NOV09SHICER-CER,2025-11-09T06:35:26.149381Z,0.84,60,yes,53b34436-309e-7ce5-efdc-0e2e6e273309
KXJLEAGUEGAME-25NOV09SHICER-CER,2025-11-09T06:35:12.467599Z,0.84,1,yes,bca890c5-a6da-6255-9a2d-73364b192745
KXJLEAGUEGAME-25NOV09SHICER-CER,2025-11-09T06:35:09.416524Z,0.84,41,yes,78cd83df-79fa-4461-31ea-ebe9d2543601
KXJLEAGUEGAME-25NOV09SHICER-CER,2025-11-09T06:34:39.844655Z,0.84,11,yes,05621bdb-20c6-57dd-da48-a28a984b7b1d
KXJLEAGUEGAME-25NOV09SHICER-CER,2025-11-09T06:34:26.602091Z,0.84,23,yes,5ce462d7-389a-6d71-0742-4d88d41a21d9
KXJLEAGUEGAME-25NOV09SHICER-CER,2025-11-09T06:34:26.035751Z,0.84,51,yes,ab123d82-7c5e-7055-ec8f-e49c7eb9f2d1
KXJLEAGUEGAME-25NOV09SHICER-CER,2025-11-09T06:34:22.133159Z,0.84,35,yes,c7e13f93-5de2-7c85-a122-d1d16f7d5aa5
KXJLEAGUEGAME-25NOV09SHICER-CER,2025-11-09T06:34:04.007847Z,0.84,23,yes,9b6ed537-6e6a-5421-8362-ca40f410bfb9
KXJLEAGUEGAME-25NOV09SHICER-CER,2025-11-09T06:33:38.679916Z,0.82,52,no,c43e64e8-fe03-5d97-ac64-9dd627098666
KXJLEAGUEGAME-25NOV09SHICER-CER,2025-11-09T06:33:38.679916Z,0.82,55,no,9733f53a-4fcf-54ac-9861-cf5f816d0076
KXJLEAGUEGAME-25NOV09SHICER-CER,2025-11-09T06:33:38.679916Z,0.82,139,no,802b49b6-e8db-5ce8-b302-6e52a6143370
KXJLEAGUEGAME-25NOV09SHICER-CER,2025-11-09T06:33:38.095031Z,0.82,54,no,0d00b8b7-2f37-78b0-eb91-962a94275bf0
KXJLEAGUEGAME-25NOV09SHICER-CER,2025-11-09T06:33:35.831948Z,0.84,116,yes,98136a7b-618f-6130-86c4-419c0b3e3524
KXJLEAGUEGAME-25NOV09SHICER-CER,2025-11-09T06:33:28.002279Z,0.82,52,no,9a5056e3-484b-7790-bbd7-4a90e559ed10
KXJLEAGUEGAME-25NOV09SHICER-CER,2025-11-09T06:33:09.471713Z,0.83,95,yes,22b16e24-e8db-471f-1561-32ad0416e442
KXJLEAGUEGAME-25NOV09SHICER-CER,2025-11-09T06:33:06.100833Z,0.82,55,no,8056177d-4a03-7464-5c79-5f9f66be97d0
KXJLEAGUEGAME-25NOV09SHICER-CER,2025-11-09T06:33:00.808574Z,0.83,51,yes,d26f5b4a-4faa-6faa-9463-47a94f3fefbb
KXJLEAGUEGAME-25NOV09SHICER-CER,2025-11-09T06:32:59.793302Z,0.83,263,yes,f815cde4-ae56-654a-a071-d69e901bcbfa
KXJLEAGUEGAME-25NOV09SHICER-CER,2025-11-09T06:32:59.793302Z,0.84,2,yes,f76e24e8-f329-6957-8478-703268e30472
KXJLEAGUEGAME-25NOV09SHICER-CER,2025-11-09T06:32:59.793302Z,0.83,299,yes,e69fcf78-519a-64d1-be2d-bbcb2fd77381
KXJLEAGUEGAME-25NOV09SHICER-CER,2025-11-09T06:32:59.793302Z,0.83,30,yes,364848a4-6e28-63b4-8d92-24593e251981
KXJLEAGUEGAME-25NOV09SHICER-CER,2025-11-09T06:32:59.793302Z,0.83,1,yes,35b3edd4-9f01-6244-924a-91f5ca0faf84
KXJLEAGUEGAME-25NOV09SHICER-CER,2025-11-09T06:32:54.1178Z,0.83,1,yes,60f11ee9-662a-6a05-e1db-84a796196cc5
KXJLEAGUEGAME-25NOV09SHICER-CER,2025-11-09T06:32:27.918632Z,0.82,45,yes,df0beba8-61cf-6d70-98bd-d97f6b19cbdb
KXJLEAGUEGAME-25NOV09SHICER-CER,2025-11-09T06:32:23.217621Z,0.82,91,yes,6d17a2f1-2d97-6ca4-69fe-47187e03d817
KXJLEAGUEGAME-25NOV09SHICER-CER,2025-11-09T06:32:13.648758Z,0.82,3,yes,0d433b96-412b-502c-facb-a8d0eb1fc2eb
KXJLEAGUEGAME-25NOV09SHICER-CER,2025-11-09T06:32:09.661847Z,0.82,24,yes,7e64eb66-c127-6a74-d5ba-29f38e5d3543
KXJLEAGUEGAME-25NOV09SHICER-CER,2025-11-09T06:32:09.661847Z,0.82,13,yes,0dd53887-fc1a-68a5-c809-89b527f0d573
KXJLEAGUEGAME-25NOV09SHICER-CER,2025-11-09T06:32:05.35615Z,0.82,194,yes,fd517b73-4470-480a-c5ec-2af30e069f1f
KXJLEAGUEGAME-25NOV09SHICER-CER,2025-11-09T06:32:05.35615Z,0.82,17,yes,abbfe0ef-f246-4455-c66b-290d216365fb
KXJLEAGUEGAME-25NOV09SHICER-CER,2025-11-09T06:32:03.990845Z,0.82,6,yes,454fa2e8-f91c-560e-d380-67d03f956fbf
KXJLEAGUEGAME-25NOV09SHICER-CER,2025-11-09T06:32:02.247839Z,0.82,6,yes,08cf1e79-1bf8-6862-7754-b8be20f61bbf
KXJLEAGUEGAME-25NOV09SHICER-CER,2025-11-09T06:31:29.367361Z,0.81,12,yes,a4a42451-d604-5bf6-e38c-7b1b65b8873a
KXJLEAGUEGAME-25NOV09SHICER-CER,2025-11-09T06:30:52.065834Z,0.81,14,yes,e1e1a100-d0cd-652a-ccd8-ec63595dae9d
KXJLEAGUEGAME-25NOV09SHICER-CER,2025-11-09T06:30:52.065834Z,0.82,235,yes,ba35ff6f-efb4-6068-ca4e-fd254f8864f0
KXJLEAGUEGAME-25NOV09SHICER-CER,2025-11-09T06:30:52.065834Z,0.81,286,yes,84e3ffc9-a184-6d8f-d8fd-75396da25bba
KXJLEAGUEGAME-25NOV09SHICER-CER,2025-11-09T06:30:52.065834Z,0.81,263,yes,13e11d18-3aa5-6680-edb1-25d3e5927d3a
KXJLEAGUEGAME-25NOV09SHICER-CER,2025-11-09T06:30:24.333753Z,0.81,14,yes,c768d986-0530-5503-e19a-8b8859af5e06
KXJLEAGUEGAME-25NOV09SHICER-CER,2025-11-09T06:30:04.236115Z,0.8,231,yes,4b8a3b6d-c5c0-67e6-105f-ca1f232df5de
KXJLEAGUEGAME-25NOV09SHICER-CER,2025-11-09T06:30:01.367541Z,0.8,12,yes,222c0c0b-5364-6c9a-51f0-35e40f0b09e6
KXJLEAGUEGAME-25NOV09SHICER-CER,2025-11-09T06:29:56.858992Z,0.79,38,no,eab4ac3c-8f95-60ec-a576-4bafba21eb43
KXJLEAGUEGAME-25NOV09SHICER-CER,2025-11-09T06:29:56.858992Z,0.77,263,no,c7a134ef-7253-6fa9-b976-5b1f8f74cd28
KXJLEAGUEGAME-25NOV09SHICER-CER,2025-11-09T06:29:56.858992Z,0.78,263,no,a042e126-6a55-6af3-975b-6b32b58e342b
KXJLEAGUEGAME-25NOV09SHICER-CER,2025-11-09T06:29:56.858992Z,0.79,263,no,9b7751ff-17a4-67a3-9720-8c03b19999de
KXJLEAGUEGAME-25NOV09SHICER-CER,2025-11-09T06:29:56.858992Z,0.76,178,no,4991a667-94c3-6a3f-b41c-5539a81ecd5e
KXJLEAGUEGAME-25NOV09SHICER-CER,2025-11-09T06:29:56.858992Z,0.79,300,no,214d8f57-f40c-698d-a75c-8d512d68eada
KXJLEAGUEGAME-25NOV09SHICER-CER,2025-11-09T06:28:50.17042Z,0.81,62,yes,4617cee1-a4a8-40dc-1c0d-7607ab96b472
KXJLEAGUEGAME-25NOV09SHICER-CER,2025-11-09T06:28:11.489098Z,0.81,3,yes,084f4d1f-694c-6afc-d2a7-7c02714e1f26
KXJLEAGUEGAME-25NOV09SHICER-CER,2025-11-09T06:27:54.547918Z,0.81,123,no,af769139-35cb-7775-959d-6e8ef5188244
KXJLEAGUEGAME-25NOV09SHICER-CER,2025-11-09T06:27:54.547918Z,0.81,116,no,22a1da88-bf92-76de-aab8-278d30e8ec9e
KXJLEAGUEGAME-25NOV09SHICER-CER,2025-11-09T06:27:52.905516Z,0.81,61,no,fca27fa5-51d2-5062-0e99-2fd7b5cd261e
KXJLEAGUEGAME-25NOV09SHICER-CER,2025-11-09T06:27:52.832591Z,0.81,123,no,e1852436-033e-79ea-b129-55e62b915522
KXJLEAGUEGAME-25NOV09SHICER-CER,2025-11-09T06:27:50.177497Z,0.82,288,yes,ac17084d-3ee4-6407-118b-f853874eb99d
KXJLEAGUEGAME-25NOV09SHICER-CER,2025-11-09T06:27:50.177497Z,0.81,94,yes,06e1778c-bc39-6520-2b2a-ce9e561db1e2
KXJLEAGUEGAME-25NOV09SHICER-CER,2025-11-09T06:27:18.754182Z,0.81,2,yes,f56eab42-4b89-6cb4-9d85-ee791b52c546
KXJLEAGUEGAME-25NOV09SHICER-CER,2025-11-09T06:26:41.146497Z,0.81,59,yes,5088bffd-0c15-653b-c16f-4506d69d3c32
KXJLEAGUEGAME-25NOV09SHICER-CER,2025-11-09T06:26:41.146497Z,0.8,99,yes,15d286b2-a9e0-6063-fcbd-f824f5b54e63
KXJLEAGUEGAME-25NOV09SHICER-CER,2025-11-09T06:26:40.074909Z,0.8,1,yes,6f0180bd-d340-5913-c6da-ca6495755397
KXJLEAGUEGAME-25NOV09SHICER-CER,2025-11-09T06:26:02.099465Z,0.82,53,yes,cf7d0790-ed87-657b-6dec-91f9f3f15a5f
KXJLEAGUEGAME-25NOV09SHICER-CER,2025-11-09T06:25:12.25042Z,0.82,8,yes,10be5a56-d437-4c9b-0918-d140f37b82b7
KXJLEAGUEGAME-25NOV09SHICER-CER,2025-11-09T06:24:50.643483Z,0.81,121,yes,b4404902-ba92-517f-6488-9a95303acc96
KXJLEAGUEGAME-25NOV09SHICER-CER,2025-11-09T06:24:11.238859Z,0.81,153,yes,5d4ded62-6f52-7697-90b0-c5944f52306f
KXJLEAGUEGAME-25NOV09SHICER-CER,2025-11-09T06:22:41.324374Z,0.81,85,yes,9b3e2085-89dc-5166-0f4e-3d7ddcb9efd6
KXJLEAGUEGAME-25NOV09SHICER-CER,2025-11-09T06:20:44.677173Z,0.82,12,yes,616929ec-f13f-6c01-5f6a-fc79377c241c
KXJLEAGUEGAME-25NOV09SHICER-CER,2025-11-09T06:19:07.596341Z,0.83,18,yes,3cbf675c-b2d7-5cae-1898-7eb7220750d0
KXJLEAGUEGAME-25NOV09SHICER-CER,2025-11-09T06:18:47.862145Z,0.88,24,yes,f3fae51c-c1ae-7cec-63fe-31416fd7255d
KXJLEAGUEGAME-25NOV09SHICER-CER,2025-11-09T06:18:47.862145Z,0.86,30,yes,4ec0bcf5-2b16-7837-59d6-3234c4835d7a
KXJLEAGUEGAME-25NOV09SHICER-CER,2025-11-09T06:18:47.862145Z,0.86,30,yes,2f594910-5095-756f-5232-97ebad0ed5a2
KXJLEAGUEGAME-25NOV09SHICER-CER,2025-11-09T06:18:47.862145Z,0.87,30,yes,0d059d91-ee5e-7c80-4bf7-ba0cb5e6de12
KXJLEAGUEGAME-25NOV09SHICER-CER,2025-11-09T06:16:17.71518Z,0.82,210,yes,80316bc5-f66a-4a57-813d-1efb2c752ec8
KXJLEAGUEGAME-25NOV09SHICER-CER,2025-11-09T06:15:09.166777Z,0.89,101,yes,c7cd45d8-763f-5bbf-40d9-9a313dfd5720
KXJLEAGUEGAME-25NOV09SHICER-CER,2025-11-09T06:15:09.166777Z,0.88,10,yes,1cf5cc7b-59b6-596a-7103-31195d72b25c
KXJLEAGUEGAME-25NOV09SHICER-CER,2025-11-09T06:13:46.139431Z,0.62,31,yes,17020fdf-d538-720c-c2d8-d7053e4276f8
KXJLEAGUEGAME-25NOV09SHICER-CER,2025-11-09T06:11:29.012481Z,0.61,159,yes,444226dc-0a48-74e1-b00a-9f5cc3b69df4
KXJLEAGUEGAME-25NOV09SHICER-CER,2025-11-09T06:07:52.416091Z,0.64,91,yes,18e82a2d-7d8f-5b8d-fb57-99557635a125
KXJLEAGUEGAME-25NOV09SHICER-CER,2025-11-09T05:45:43.641625Z,0.41,50,yes,45d749c1-bc16-7d89-0c6e-e409ed223a78
KXJLEAGUEGAME-25NOV09SHICER-CER,2025-11-09T05:45:43.641625Z,0.41,67,yes,195122e7-7d2a-7a47-1f45-3c26f3d5d2a3
KXJLEAGUEGAME-25NOV09SHICER-CER,2025-11-09T03:45:00.167475Z,0.41,22,yes,c0c2beb9-c621-5a71-e24a-1b0dfbbd18ba
KXJLEAGUEGAME-25NOV09SHICER-CER,2025-11-08T23:38:26.843343Z,0.41,2,yes,6088acfa-d962-7c7b-02d8-235db2ee1a49
