ticker,created_time,price,count,taker_side,trade_id
KXKLEAGUEGAME-25NOV08GISGAW-GAW,2025-11-08T09:29:32.814415Z,0.98,2,yes,387e0a03-ce2a-5bba-d5e8-2a3b7af2c6ed
KXKLEAGUEGAME-25NOV08GISGAW-GAW,2025-11-08T09:29:32.814415Z,0.97,12,yes,1cfd5fee-32e3-5a19-f691-3db20ee5e5ec
KXKLEAGUEGAME-25NOV08GISGAW-GAW,2025-11-08T09:29:32.814415Z,0.97,100,yes,12a1a2bc-401e-5474-f946-eeb1e4826f68
KXKLEAGUEGAME-25NOV08GISGAW-GAW,2025-11-08T09:28:32.428892Z,0.97,73,yes,6c34d9fa-867f-41be-8e49-c7665de81c1e
KXKLEAGUEGAME-25NOV08GISGAW-GAW,2025-11-08T09:27:44.971989Z,0.97,75,yes,64d76d0c-066f-468e-98eb-2d7ffdd2b046
KXKLEAGUEGAME-25NOV08GISGAW-GAW,2025-11-08T09:27:11.739171Z,0.97,100,yes,7996ac49-5f53-697e-2060-8f5b9b40f452
KXKLEAGUEGAME-25NOV08GISGAW-GAW,2025-11-08T09:27:11.017422Z,0.97,102,yes,789169be-9d4f-76fe-8960-fe478b4f1702
KXKLEAGUEGAME-25NOV08GISGAW-GAW,2025-11-08T09:26:59.60768Z,0.96,63,yes,04d394fa-5d5d-4ac4-a7dc-ea97fbd2dadd
KXKLEAGUEGAME-25NOV08GISGAW-GAW,2025-11-08T09:26:46.72576Z,0.97,51,yes,363b3163-b92f-521a-0bc7-e139f1dcec06
KXKLEAGUEGAME-25NOV08GISGAW-GAW,2025-11-08T09:26:37.930786Z,0.97,99,yes,693c5dd7-4643-57e2-a93b-fc7d0f70af82
KXKLEAGUEGAME-25NOV08GISGAW-GAW,2025-11-08T09:26:37.930786Z,0.97,668,yes,5314993b-1b1a-597a-bb05-926e258a779a
KXKLEAGUEGAME-25NOV08GISGAW-GAW,2025-11-08T09:26:36.339782Z,0.96,120,yes,92e1d93f-f975-6693-7134-a9535f098be3
KXKLEAGUEGAME-25NOV08GISGAW-GAW,2025-11-08T09:26:36.339782Z,0.97,54,yes,6c186dda-61f1-68d5-7963-501770a73e00
KXKLEAGUEGAME-25NOV08GISGAW-GAW,2025-11-08T09:26:36.339782Z,0.97,32,yes,4ab87297-5612-60ee-53af-40916458c866
KXKLEAGUEGAME-25NOV08GISGAW-GAW,2025-11-08T09:26:24.374498Z,0.96,207,yes,d064d66c-b24d-6bd8-e1d3-137267976ad5
KXKLEAGUEGAME-25NOV08GISGAW-GAW,2025-11-08T09:26:15.703637Z,0.95,74,yes,46c287d3-ef40-459c-a1af-9e8b5c3cf283
KXKLEAGUEGAME-25NOV08GISGAW-GAW,2025-11-08T09:26:09.328042Z,0.95,52,yes,2a8c377e-b924-6010-4714-62d7eed42bf7
KXKLEAGUEGAME-25NOV08GISGAW-GAW,2025-11-08T09:25:11.466842Z,0.95,209,yes,a31cae11-6c48-6868-3272-3f3c07f663d7
KXKLEAGUEGAME-25NOV08GISGAW-GAW,2025-11-08T09:24:54.522659Z,0.95,52,yes,cce25869-5244-7430-1b73-cdc663a3cf4f
KXKLEAGUEGAME-25NOV08GISGAW-GAW,2025-11-08T09:24:50.281505Z,0.95,10,yes,ddc7a791-22e8-4aa4-51e4-09a0bb1f0feb
KXKLEAGUEGAME-25NOV08GISGAW-GAW,2025-11-08T09:24:49.422784Z,0.95,5,yes,b966e22c-7ea0-5284-1703-417bae93e0b3
KXKLEAGUEGAME-25NOV08GISGAW-GAW,2025-11-08T09:24:42.992691Z,0.95,104,yes,459f5a07-c368-59f4-8a43-36a355c10173
KXKLEAGUEGAME-25NOV08GISGAW-GAW,2025-11-08T09:24:34.665406Z,0.95,1,yes,a5c9fbb0-fb4c-7f0c-91b3-0964c420f24b
KXKLEAGUEGAME-25NOV08GISGAW-GAW,2025-11-08T09:24:21.862385Z,0.95,5,yes,36bfbf65-f3f4-4ad8-3d6a-b354ff68161f
KXKLEAGUEGAME-25NOV08GISGAW-GAW,2025-11-08T09:24:12.760764Z,0.95,20,yes,723d3f5f-3d88-7534-c5ca-56b28953b6e3
KXKLEAGUEGAME-25NOV08GISGAW-GAW,2025-11-08T09:23:03.521075Z,0.95,100,yes,b09e3581-4248-6dc4-7585-12fd2a24eb2f
KXKLEAGUEGAME-25NOV08GISGAW-GAW,2025-11-08T09:22:55.037483Z,0.95,104,yes,85f24dce-ce28-6da4-3bc5-fbfb8164052f
KXKLEAGUEGAME-25NOV08GISGAW-GAW,2025-11-08T09:22:46.922131Z,0.95,2,yes,ac8fa9b0-9f2c-646c-f2c7-3611ee0b2fcb
KXKLEAGUEGAME-25NOV08GISGAW-GAW,2025-11-08T09:21:56.237795Z,0.97,57,yes,55feaa2c-2e41-44c1-712f-78e1cca73400
KXKLEAGUEGAME-25NOV08GISGAW-GAW,2025-11-08T09:21:56.237795Z,0.96,46,yes,022c4748-0914-43ef-654c-cfb9946082d8
KXKLEAGUEGAME-25NOV08GISGAW-GAW,2025-11-08T09:21:09.526349Z,0.97,89,yes,9125480e-6265-7999-5f9c-27a02fc010b8
KXKLEAGUEGAME-25NOV08GISGAW-GAW,2025-11-08T09:21:09.526349Z,0.93,14,yes,787d8154-1f4b-7aa5-53d4-38a27d4e4bfa
KXKLEAGUEGAME-25NOV08GISGAW-GAW,2025-11-08T09:21:00.773321Z,0.72,1,no,09ebc032-d16f-7e3b-d059-57cfd6cb266e
KXKLEAGUEGAME-25NOV08GISGAW-GAW,2025-11-08T09:21:00.679238Z,0.72,1,no,1aecaa7e-a30f-605b-8d8d-8f953fa7eaba
KXKLEAGUEGAME-25NOV08GISGAW-GAW,2025-11-08T09:20:47.604292Z,0.92,2,yes,d1d83cc6-d1ff-7abe-add4-33c9aff2122b
KXKLEAGUEGAME-25NOV08GISGAW-GAW,2025-11-08T09:20:47.604292Z,0.93,15,yes,c987d8a4-cb6f-7f35-846f-d6fed448cdea
KXKLEAGUEGAME-25NOV08GISGAW-GAW,2025-11-08T09:18:24.252624Z,0.92,2,yes,075b1d3e-eeea-7600-a899-f88579a3d1ca
KXKLEAGUEGAME-25NOV08GISGAW-GAW,2025-11-08T09:17:49.931126Z,0.92,25,yes,c6aee8dc-7463-6492-49c4-d343f7eec511
KXKLEAGUEGAME-25NOV08GISGAW-GAW,2025-11-08T09:17:49.931126Z,0.93,7,yes,312ac13e-0783-6299-6ce7-3c56434623ba
KXKLEAGUEGAME-25NOV08GISGAW-GAW,2025-11-08T09:15:03.115207Z,0.85,1,no,29862687-3f33-4831-893e-6b2be7545810
KXKLEAGUEGAME-25NOV08GISGAW-GAW,2025-11-08T09:15:02.991189Z,0.93,2,yes,98421fee-57fb-6385-7862-d31923a622fa
KXKLEAGUEGAME-25NOV08GISGAW-GAW,2025-11-08T09:15:02.909131Z,0.85,1,no,043184b3-83f3-41e5-8afe-05182a57d9d4
KXKLEAGUEGAME-25NOV08GISGAW-GAW,2025-11-08T09:12:58.166081Z,0.93,27,yes,45b1f8c5-e942-590a-cbdc-934e389be773
KXKLEAGUEGAME-25NOV08GISGAW-GAW,2025-11-08T09:11:19.183144Z,0.93,11,yes,a43aeb20-d450-4b57-9781-163389c854a6
KXKLEAGUEGAME-25NOV08GISGAW-GAW,2025-11-08T09:11:06.492077Z,0.94,11,yes,35a22742-bdbd-4e12-1204-0b462800f44c
KXKLEAGUEGAME-25NOV08GISGAW-GAW,2025-11-08T09:10:19.791312Z,0.88,22,no,9b249b71-f60e-5a17-60b3-53ab581817b8
KXKLEAGUEGAME-25NOV08GISGAW-GAW,2025-11-08T09:10:19.791312Z,0.85,3,no,6a5d5c03-05c3-5639-42d8-8cb7634389a8
KXKLEAGUEGAME-25NOV08GISGAW-GAW,2025-11-08T09:10:16.818275Z,0.88,25,no,344aac83-1bc6-7c0b-edeb-695d8e7f0e9c
KXKLEAGUEGAME-25NOV08GISGAW-GAW,2025-11-08T09:10:14.168394Z,0.88,3,no,bbb36d3a-e9c2-71ff-9ae2-96809f6154f8
KXKLEAGUEGAME-25NOV08GISGAW-GAW,2025-11-08T09:10:13.44184Z,0.88,25,no,9ee4d0aa-abc6-564f-5b45-2ea8ef9b8db0
KXKLEAGUEGAME-25NOV08GISGAW-GAW,2025-11-08T09:10:10.331742Z,0.88,25,no,be2269c1-5422-66c3-b390-4d18ad1a1570
KXKLEAGUEGAME-25NOV08GISGAW-GAW,2025-11-08T09:10:07.638623Z,0.89,25,no,b6d23ba7-c804-7622-fe9f-9b162fe07928
KXKLEAGUEGAME-25NOV08GISGAW-GAW,2025-11-08T09:10:05.513647Z,0.89,25,no,2ee7cc8a-a78c-450e-a7b2-e06cd80f57c8
KXKLEAGUEGAME-25NOV08GISGAW-GAW,2025-11-08T09:09:43.675106Z,0.89,25,no,3db8ba18-dfdc-675e-d746-41bc1faf33b4
KXKLEAGUEGAME-25NOV08GISGAW-GAW,2025-11-08T09:09:40.74746Z,0.89,25,no,0b66e860-a5c8-7a72-e335-16be40799cbc
KXKLEAGUEGAME-25NOV08GISGAW-GAW,2025-11-08T09:09:37.654831Z,0.89,25,no,4756bb36-8660-65ce-4701-f8b3932da070
KXKLEAGUEGAME-25NOV08GISGAW-GAW,2025-11-08T09:09:35.630874Z,0.89,25,no,b8c47402-e63c-531a-0e9b-704911932930
KXKLEAGUEGAME-25NOV08GISGAW-GAW,2025-11-08T09:08:52.263723Z,0.89,25,no,3e614fd4-fc44-702e-eced-a500b4a31428
KXKLEAGUEGAME-25NOV08GISGAW-GAW,2025-11-08T09:08:49.496174Z,0.89,25,no,b617b363-8304-60a6-3b4d-c68354e0e0d8
KXKLEAGUEGAME-25NOV08GISGAW-GAW,2025-11-08T09:08:46.412615Z,0.89,25,no,39b8f480-9ba0-5e9e-8556-0588a27c9eb8
KXKLEAGUEGAME-25NOV08GISGAW-GAW,2025-11-08T09:08:43.443019Z,0.89,25,no,2533fa13-e898-7bc6-85ad-66b942b992dc
KXKLEAGUEGAME-25NOV08GISGAW-GAW,2025-11-08T09:08:40.59536Z,0.89,25,no,2d3eeb5a-7fe0-557e-0f00-17e81439eb0c
KXKLEAGUEGAME-25NOV08GISGAW-GAW,2025-11-08T09:08:37.437929Z,0.89,25,no,ba4f1413-c944-5942-0170-766ccb55ca54
KXKLEAGUEGAME-25NOV08GISGAW-GAW,2025-11-08T09:08:34.402675Z,0.89,25,no,dcc314db-b8f0-7b36-428a-8cff627ede1c
KXKLEAGUEGAME-25NOV08GISGAW-GAW,2025-11-08T09:08:31.387749Z,0.89,25,no,d3a02728-eb20-7caa-a78e-8582a75929fc
KXKLEAGUEGAME-25NOV08GISGAW-GAW,2025-11-08T09:08:28.632366Z,0.89,25,no,93c9e13d-f884-7f92-2013-f4bc4549fab4
KXKLEAGUEGAME-25NOV08GISGAW-GAW,2025-11-08T09:08:25.386737Z,0.89,25,no,72b9b178-68e4-66f6-4616-659111448164
KXKLEAGUEGAME-25NOV08GISGAW-GAW,2025-11-08T09:08:22.296674Z,0.89,25,no,4cd8b5fb-418c-4b06-17a1-1252360c88cc
KXKLEAGUEGAME-25NOV08GISGAW-GAW,2025-11-08T09:08:19.483827Z,0.89,25,no,beee36a3-5f2c-527a-c0cc-60748632f8c0
KXKLEAGUEGAME-25NOV08GISGAW-GAW,2025-11-08T09:08:16.486978Z,0.89,25,no,9189c288-8bac-536e-4b59-022fb20b4b78
KXKLEAGUEGAME-25NOV08GISGAW-GAW,2025-11-08T09:08:13.204936Z,0.89,25,no,51cf5c8b-fe8c-656a-f14f-d043ba8cf894
KXKLEAGUEGAME-25NOV08GISGAW-GAW,2025-11-08T09:08:10.441261Z,0.89,25,no,9fb0eb59-ba44-53f2-237a-cf7163d00700
KXKLEAGUEGAME-25NOV08GISGAW-GAW,2025-11-08T09:07:50.497426Z,0.89,25,no,180ba5cb-e7dc-6f52-668d-309963a1628c
KXKLEAGUEGAME-25NOV08GISGAW-GAW,2025-11-08T09:07:48.495339Z,0.89,25,no,6e661dd8-22d4-58b6-038a-95b44a205914
KXKLEAGUEGAME-25NOV08GISGAW-GAW,2025-11-08T09:07:45.398775Z,0.89,25,no,cdee64bc-8794-41d6-973e-8dce1cfc1af4
KXKLEAGUEGAME-25NOV08GISGAW-GAW,2025-11-08T09:07:31.886538Z,0.89,25,no,d53d6d50-5afc-7e4a-d0b0-387adb9bac98
KXKLEAGUEGAME-25NOV08GISGAW-GAW,2025-11-08T09:07:29.05807Z,0.89,25,no,c0b7157d-2868-6bd2-3846-7467208ad014
KXKLEAGUEGAME-25NOV08GISGAW-GAW,2025-11-08T09:07:26.11629Z,0.89,25,no,cbf74425-c528-45f2-330b-3c3378db5b70
KXKLEAGUEGAME-25NOV08GISGAW-GAW,2025-11-08T09:07:23.402897Z,0.89,25,no,93f9b403-0484-6742-49dd-a93bbbe83dbc
KXKLEAGUEGAME-25NOV08GISGAW-GAW,2025-11-08T09:07:20.134546Z,0.89,25,no,8800066d-a548-6826-f5e5-d8d5854c8054
KXKLEAGUEGAME-25NOV08GISGAW-GAW,2025-11-08T09:07:16.978404Z,0.89,25,no,004d74c7-176c-6362-e9ed-b64045774a34
KXKLEAGUEGAME-25NOV08GISGAW-GAW,2025-11-08T09:07:13.885003Z,0.89,25,no,2c2d3933-6550-738e-2c3d-19bbed14d438
KXKLEAGUEGAME-25NOV08GISGAW-GAW,2025-11-08T09:07:11.263521Z,0.89,25,no,4895b34e-0510-5d72-dc2a-a76056f46428
KXKLEAGUEGAME-25NOV08GISGAW-GAW,2025-11-08T09:07:08.154199Z,0.89,25,no,2f62cc39-8000-71c2-8d1b-dc5e6eeadd64
KXKLEAGUEGAME-25NOV08GISGAW-GAW,2025-11-08T09:07:05.212178Z,0.89,25,no,4909b991-75a4-59ae-8ad4-7848d1341b5c
KXKLEAGUEGAME-25NOV08GISGAW-GAW,2025-11-08T09:07:02.663015Z,0.89,25,no,b7b0bf74-f02c-48c6-c12a-207a5d720a10
KXKLEAGUEGAME-25NOV08GISGAW-GAW,2025-11-08T09:06:59.065099Z,0.89,25,no,efcc7af5-1bac-7fda-5600-d22ffbe3e8e8
KXKLEAGUEGAME-25NOV08GISGAW-GAW,2025-11-08T09:06:55.895993Z,0.89,25,no,cf87295f-d160-5a8a-8db9-62823396eeac
KXKLEAGUEGAME-25NOV08GISGAW-GAW,2025-11-08T09:06:53.101348Z,0.89,25,no,e15c6c5c-6c18-436a-a4e2-5b0dce1d719c
KXKLEAGUEGAME-25NOV08GISGAW-GAW,2025-11-08T09:06:50.122178Z,0.89,25,no,3976723a-1424-55c2-c2fe-3f77464f8270
KXKLEAGUEGAME-25NOV08GISGAW-GAW,2025-11-08T09:06:47.085543Z,0.89,25,no,25caea67-9970-406a-b7f8-682365c56714
KXKLEAGUEGAME-25NOV08GISGAW-GAW,2025-11-08T09:06:19.844479Z,0.94,2,yes,a1b1ac2e-e625-730a-aa7c-16a576a61c71
KXKLEAGUEGAME-25NOV08GISGAW-GAW,2025-11-08T09:06:12.870776Z,0.95,78,yes,a5d9a839-2cde-6caa-6a11-2e9586cb33b3
KXKLEAGUEGAME-25NOV08GISGAW-GAW,2025-11-08T09:06:12.870776Z,0.89,892,yes,65ab30db-6b75-622e-488e-32ac458a8f45
KXKLEAGUEGAME-25NOV08GISGAW-GAW,2025-11-08T09:06:12.870776Z,0.94,800,yes,36c68c29-a4db-604d-797e-62e4a9a7a103
KXKLEAGUEGAME-25NOV08GISGAW-GAW,2025-11-08T09:04:07.291776Z,0.89,13,yes,e3efc94f-3621-7e1a-fba6-8ef2c139ae81
KXKLEAGUEGAME-25NOV08GISGAW-GAW,2025-11-08T09:03:06.972534Z,0.89,95,yes,db6d9f76-3289-7a2a-4d59-7b76a6322519
KXKLEAGUEGAME-25NOV08GISGAW-GAW,2025-11-08T09:03:06.972534Z,0.89,16,yes,1b81b9ff-6817-7500-5a1d-5669b7400f6c
KXKLEAGUEGAME-25NOV08GISGAW-GAW,2025-11-08T09:02:57.536475Z,0.86,24,yes,d4fa3237-6800-5a33-23c5-f7511c0d8036
KXKLEAGUEGAME-25NOV08GISGAW-GAW,2025-11-08T09:02:57.536475Z,0.88,37,yes,80020ae9-6edf-5199-040b-1c7b60df27ba
KXKLEAGUEGAME-25NOV08GISGAW-GAW,2025-11-08T09:02:57.536475Z,0.89,732,yes,68a6be50-79bb-556c-29aa-e4c8fe146718
KXKLEAGUEGAME-25NOV08GISGAW-GAW,2025-11-08T09:02:57.271499Z,0.86,1,yes,89e9afa5-7dec-6bfb-1101-0dc61a73d29a
KXKLEAGUEGAME-25NOV08GISGAW-GAW,2025-11-08T09:00:19.414246Z,0.86,50,no,c158a8e5-4120-4498-558e-26166d0239ea
KXKLEAGUEGAME-25NOV08GISGAW-GAW,2025-11-08T09:00:15.947196Z,0.86,25,no,e890d7fb-ce38-4b34-2056-5b28dcd5b992
KXKLEAGUEGAME-25NOV08GISGAW-GAW,2025-11-08T09:00:14.657231Z,0.86,75,no,6bc2d307-55cc-7f38-e8ae-01539e4efae6
KXKLEAGUEGAME-25NOV08GISGAW-GAW,2025-11-08T09:00:10.477179Z,0.85,50,yes,e679c4f8-3a9f-759a-b834-1aaaeda0b2cc
KXKLEAGUEGAME-25NOV08GISGAW-GAW,2025-11-08T09:00:09.210454Z,0.85,25,no,fa3dcf3c-0b80-5a5e-84f9-71278b023164
KXKLEAGUEGAME-25NOV08GISGAW-GAW,2025-11-08T09:00:03.185507Z,0.85,75,no,e8100c01-8794-771e-95be-310d6e512318
KXKLEAGUEGAME-25NOV08GISGAW-GAW,2025-11-08T08:59:58.429128Z,0.85,75,no,f2a72e3b-3bcc-4b22-d2b9-c6ab93263a58
KXKLEAGUEGAME-25NOV08GISGAW-GAW,2025-11-08T08:59:53.659737Z,0.85,75,no,84862e42-918c-72de-5a21-c4053ef307f8
KXKLEAGUEGAME-25NOV08GISGAW-GAW,2025-11-08T08:59:51.678199Z,0.85,75,no,0fd7b5b8-a0ec-5526-04ba-74e46bc06174
KXKLEAGUEGAME-25NOV08GISGAW-GAW,2025-11-08T08:59:47.807251Z,0.89,1,yes,6ba874f1-865b-671c-328e-0cd133683f8c
KXKLEAGUEGAME-25NOV08GISGAW-GAW,2025-11-08T08:59:45.712305Z,0.85,75,no,109a259d-d7c8-43a2-a3f0-338450b34fe0
KXKLEAGUEGAME-25NOV08GISGAW-GAW,2025-11-08T08:59:44.833824Z,0.85,25,no,233735e9-ac50-6362-9d1b-0c8e0ba28f04
KXKLEAGUEGAME-25NOV08GISGAW-GAW,2025-11-08T08:59:39.321584Z,0.85,75,no,4751eb57-50e8-5476-56ac-93f11c68eabc
KXKLEAGUEGAME-25NOV08GISGAW-GAW,2025-11-08T08:59:34.414301Z,0.85,75,no,53242161-0c80-5e56-2004-eb9d595327a4
KXKLEAGUEGAME-25NOV08GISGAW-GAW,2025-11-08T08:59:29.769723Z,0.89,5,yes,eba519e9-5b93-67b8-1830-6e459b77cde0
KXKLEAGUEGAME-25NOV08GISGAW-GAW,2025-11-08T08:59:29.65541Z,0.85,75,no,bee911de-3aec-7616-366b-b45fbdea4ed0
KXKLEAGUEGAME-25NOV08GISGAW-GAW,2025-11-08T08:59:29.264838Z,0.85,25,no,8d4202f5-e400-5cf2-8881-26e40c51c094
KXKLEAGUEGAME-25NOV08GISGAW-GAW,2025-11-08T08:59:24.948384Z,0.85,75,no,53f10741-93c8-7ab6-e688-30ff9c9a8a08
KXKLEAGUEGAME-25NOV08GISGAW-GAW,2025-11-08T08:59:19.889339Z,0.85,75,no,460643ff-9998-4006-95e8-f9b5d0d200f4
KXKLEAGUEGAME-25NOV08GISGAW-GAW,2025-11-08T08:59:14.70215Z,0.85,75,no,87c53cbe-f3c8-6686-e321-2a70554e07a4
KXKLEAGUEGAME-25NOV08GISGAW-GAW,2025-11-08T08:59:12.15105Z,0.85,25,no,5cfdfb1a-d89c-5356-1bb2-eec834af54b0
KXKLEAGUEGAME-25NOV08GISGAW-GAW,2025-11-08T08:59:09.42779Z,0.85,75,no,b7cb71eb-e948-7212-8b7d-2605c2e29a6c
KXKLEAGUEGAME-25NOV08GISGAW-GAW,2025-11-08T08:57:28.248667Z,0.88,28,yes,7e97303d-4a7d-5495-b744-2eae5168cff3
KXKLEAGUEGAME-25NOV08GISGAW-GAW,2025-11-08T08:57:28.248667Z,0.79,11,yes,3136a2e1-7d39-556c-8080-73ccbfff04c7
KXKLEAGUEGAME-25NOV08GISGAW-GAW,2025-11-08T08:57:28.248667Z,0.78,19,yes,2a7eb264-a988-5c2a-8cee-4e38049c67e0
KXKLEAGUEGAME-25NOV08GISGAW-GAW,2025-11-08T08:57:28.248667Z,0.89,1,yes,0a051a43-3563-5dd0-b7db-3671648b5928
KXKLEAGUEGAME-25NOV08GISGAW-GAW,2025-11-08T08:57:18.957274Z,0.79,1,yes,db8c3900-f901-717c-cc65-6d84d377f2d7
KXKLEAGUEGAME-25NOV08GISGAW-GAW,2025-11-08T08:57:15.131094Z,0.79,16,no,07dade9f-d968-580f-b05e-c7f055ddbdd5
KXKLEAGUEGAME-25NOV08GISGAW-GAW,2025-11-08T08:57:10.088396Z,0.79,28,no,9dbf6284-f6f4-5457-ce37-2eb6d8506ba9
KXKLEAGUEGAME-25NOV08GISGAW-GAW,2025-11-08T08:57:05.590233Z,0.79,28,no,3a792312-7cd0-6477-c8d0-5278c4bafc6d
KXKLEAGUEGAME-25NOV08GISGAW-GAW,2025-11-08T08:57:00.840475Z,0.79,28,no,49121fed-6a40-73e7-cd31-04b94cf06b55
KXKLEAGUEGAME-25NOV08GISGAW-GAW,2025-11-08T08:56:25.430092Z,0.88,2,yes,7e79f45b-58b5-442d-fde4-82e29bb89233
KXKLEAGUEGAME-25NOV08GISGAW-GAW,2025-11-08T08:54:31.191422Z,0.88,1,yes,62566738-0fd5-7a09-27e8-786a3d849f1f
KXKLEAGUEGAME-25NOV08GISGAW-GAW,2025-11-08T08:52:56.921964Z,0.88,1,yes,4b4b5ab7-e44d-5101-0d14-9aca4c20457b
KXKLEAGUEGAME-25NOV08GISGAW-GAW,2025-11-08T08:52:16.890013Z,0.88,43,no,60a08ffa-6819-5a39-666a-089c50837117
KXKLEAGUEGAME-25NOV08GISGAW-GAW,2025-11-08T08:52:15.824101Z,0.88,25,no,ca9c7c8f-9083-6c51-c495-1fd01da766e6
KXKLEAGUEGAME-25NOV08GISGAW-GAW,2025-11-08T08:52:12.432856Z,0.88,25,no,ba5122f1-6b57-5881-a8d4-4dd65903899a
KXKLEAGUEGAME-25NOV08GISGAW-GAW,2025-11-08T08:52:09.296449Z,0.88,25,no,6cdb76e3-7c57-4635-db0e-08a7288823d6
KXKLEAGUEGAME-25NOV08GISGAW-GAW,2025-11-08T08:52:09.09118Z,0.88,75,no,a25ef713-abeb-4c59-5256-c55b5f8c8c6e
KXKLEAGUEGAME-25NOV08GISGAW-GAW,2025-11-08T08:52:06.226496Z,0.88,25,no,2375afc6-759f-6985-0d9a-0629504eb696
KXKLEAGUEGAME-25NOV08GISGAW-GAW,2025-11-08T08:52:04.717295Z,0.88,75,no,ca99d87d-8427-7279-6e12-d7997c17668e
KXKLEAGUEGAME-25NOV08GISGAW-GAW,2025-11-08T08:52:04.259846Z,0.88,25,no,4013583a-f49f-6bc5-f578-228062479ede
KXKLEAGUEGAME-25NOV08GISGAW-GAW,2025-11-08T08:52:00.62821Z,0.88,75,no,30db74dc-888f-5dd5-639d-b919889a2ef2
KXKLEAGUEGAME-25NOV08GISGAW-GAW,2025-11-08T08:51:59.938115Z,0.88,25,no,101189e0-f54b-769d-3b6c-0962c6323702
KXKLEAGUEGAME-25NOV08GISGAW-GAW,2025-11-08T08:51:56.508301Z,0.88,25,no,211311d6-a11f-58a5-a5c0-de814e6a0aca
KXKLEAGUEGAME-25NOV08GISGAW-GAW,2025-11-08T08:51:54.140886Z,0.88,75,no,6159129c-d147-75b1-d15f-0cfe607f4b16
KXKLEAGUEGAME-25NOV08GISGAW-GAW,2025-11-08T08:51:53.620103Z,0.88,25,no,19af0497-b0e7-6dfd-e9c5-f141b05331da
KXKLEAGUEGAME-25NOV08GISGAW-GAW,2025-11-08T08:51:50.382209Z,0.88,25,no,5cb39dc7-6a1b-57e5-727f-b5eaaa9e6b66
KXKLEAGUEGAME-25NOV08GISGAW-GAW,2025-11-08T08:51:49.094003Z,0.88,75,no,c2bd97ae-3c3b-693d-750d-a7429202de36
KXKLEAGUEGAME-25NOV08GISGAW-GAW,2025-11-08T08:51:47.592007Z,0.88,25,no,74bd0b5a-ba1f-52a9-87d6-d8c19d3ccfca
KXKLEAGUEGAME-25NOV08GISGAW-GAW,2025-11-08T08:51:44.60707Z,0.88,25,no,d76d3c9b-624f-4725-7603-9a7e1f365fea
KXKLEAGUEGAME-25NOV08GISGAW-GAW,2025-11-08T08:51:41.507312Z,0.88,25,no,17be7ca6-a163-4315-2b1a-7fab1f72f3ae
KXKLEAGUEGAME-25NOV08GISGAW-GAW,2025-11-08T08:51:39.392489Z,0.88,75,no,b980b34e-53ef-7e7d-46ad-a93b999582fe
KXKLEAGUEGAME-25NOV08GISGAW-GAW,2025-11-08T08:51:38.36122Z,0.88,25,no,39189624-4787-52a1-5abb-4ee42143b4ba
KXKLEAGUEGAME-25NOV08GISGAW-GAW,2025-11-08T08:51:35.664207Z,0.88,25,no,b6df9a42-ce17-65fd-e243-ba91ba70227a
KXKLEAGUEGAME-25NOV08GISGAW-GAW,2025-11-08T08:51:34.618032Z,0.88,75,no,e5ab1303-56eb-4791-01fc-718a39611ee6
KXKLEAGUEGAME-25NOV08GISGAW-GAW,2025-11-08T08:51:32.613138Z,0.88,25,no,381ac12d-dc3f-6dd1-d35b-fe04840be152
KXKLEAGUEGAME-25NOV08GISGAW-GAW,2025-11-08T08:51:30.988003Z,0.88,100,yes,854fc721-0c9b-73ab-4070-80c69294a897
KXKLEAGUEGAME-25NOV08GISGAW-GAW,2025-11-08T08:45:03.531414Z,0.89,5,yes,ea6f2deb-a3d7-4cb4-f48b-9ff1af050d10
KXKLEAGUEGAME-25NOV08GISGAW-GAW,2025-11-08T08:41:10.747683Z,0.89,5,yes,ee526b53-aa37-5a64-359d-79bd3e096814
KXKLEAGUEGAME-25NOV08GISGAW-GAW,2025-11-08T08:38:27.415149Z,0.89,1,yes,140534cb-cdcf-7cb0-5357-31d6c10d56c4
KXKLEAGUEGAME-25NOV08GISGAW-GAW,2025-11-08T08:37:52.001479Z,0.89,22,yes,110aa31e-80a3-6ed8-f979-4a61e480e3b0
KXKLEAGUEGAME-25NOV08GISGAW-GAW,2025-11-08T08:35:22.847903Z,0.87,25,no,6162c33f-c305-7a7f-bd13-450ae382e8a4
KXKLEAGUEGAME-25NOV08GISGAW-GAW,2025-11-08T08:35:18.354321Z,0.87,25,no,203cfd23-6f1d-6dd7-4ed4-d6e09a9b06c8
KXKLEAGUEGAME-25NOV08GISGAW-GAW,2025-11-08T08:35:16.80674Z,0.87,25,no,bc2ba738-c42d-6f37-ec84-9aff3afc4f94
KXKLEAGUEGAME-25NOV08GISGAW-GAW,2025-11-08T08:35:13.413673Z,0.87,25,no,436c720b-7385-776f-b4cb-faef641a7764
KXKLEAGUEGAME-25NOV08GISGAW-GAW,2025-11-08T08:35:12.523949Z,0.87,25,no,8d51e4b5-fef5-6ff3-d876-e57cccf9b68c
KXKLEAGUEGAME-25NOV08GISGAW-GAW,2025-11-08T08:35:10.472222Z,0.87,25,no,f091f701-49b9-50cf-685a-670cb1aca0d0
KXKLEAGUEGAME-25NOV08GISGAW-GAW,2025-11-08T08:35:07.745441Z,0.87,25,no,69614394-6d79-60bb-6a1a-dfac01ce171c
KXKLEAGUEGAME-25NOV08GISGAW-GAW,2025-11-08T08:35:05.618287Z,0.87,25,no,255d614b-b31d-4b77-6745-3c477581b970
KXKLEAGUEGAME-25NOV08GISGAW-GAW,2025-11-08T08:35:03.131987Z,0.87,25,no,9d22566d-5e99-4e3f-22b2-5192a30120b0
KXKLEAGUEGAME-25NOV08GISGAW-GAW,2025-11-08T08:34:59.553561Z,0.87,25,no,ae7d74d5-33e1-69c3-e876-cca34bbfaee8
KXKLEAGUEGAME-25NOV08GISGAW-GAW,2025-11-08T08:34:59.098327Z,0.87,25,no,47c283ab-1f51-40cf-bbd7-fa0ebf95d8f8
KXKLEAGUEGAME-25NOV08GISGAW-GAW,2025-11-08T08:34:56.64171Z,0.87,25,no,cc40c1d1-a555-410b-bdba-2f06fba44368
KXKLEAGUEGAME-25NOV08GISGAW-GAW,2025-11-08T08:34:54.078851Z,0.87,25,no,900f5694-6ee1-4bb3-ed59-43e367f41e30
KXKLEAGUEGAME-25NOV08GISGAW-GAW,2025-11-08T08:34:53.645573Z,0.87,25,no,a5e7f89a-51fd-512b-7ed6-9ce8479e43c4
KXKLEAGUEGAME-25NOV08GISGAW-GAW,2025-11-08T08:34:50.497599Z,0.87,25,no,b1b7ad76-4319-48c7-c0cb-61e9760a53c0
KXKLEAGUEGAME-25NOV08GISGAW-GAW,2025-11-08T08:34:49.859015Z,0.87,25,no,b4cf994f-bb41-4b67-2f1c-af00de84031c
KXKLEAGUEGAME-25NOV08GISGAW-GAW,2025-11-08T08:34:47.438537Z,0.87,25,no,b12af7df-2dc9-5ad7-5e79-b6c0db268018
KXKLEAGUEGAME-25NOV08GISGAW-GAW,2025-11-08T08:34:45.433642Z,0.87,63,yes,1799ca76-9ea6-72df-ca87-c0878cbdca0c
KXKLEAGUEGAME-25NOV08GISGAW-GAW,2025-11-08T08:34:18.05441Z,0.88,152,no,4bf40a84-f80c-77f5-fd85-9aba36ac28d5
KXKLEAGUEGAME-25NOV08GISGAW-GAW,2025-11-08T08:34:16.833086Z,0.88,252,no,0af1f0d4-fed4-7541-1739-c339ba4b3d81
KXKLEAGUEGAME-25NOV08GISGAW-GAW,2025-11-08T08:34:15.574506Z,0.88,48,no,2456b6e9-8580-6979-9113-864f118553cd
KXKLEAGUEGAME-25NOV08GISGAW-GAW,2025-11-08T08:34:15.544452Z,0.88,48,yes,72b280fe-3d91-7368-0ae0-6e283f30becc
KXKLEAGUEGAME-25NOV08GISGAW-GAW,2025-11-08T08:33:22.550539Z,0.89,12,yes,c4929319-2077-58bc-8f2c-8f9dbe8833e4
KXKLEAGUEGAME-25NOV08GISGAW-GAW,2025-11-08T08:33:22.550539Z,0.88,52,yes,84866931-f9aa-5eb5-b1fb-dfa284261605
KXKLEAGUEGAME-25NOV08GISGAW-GAW,2025-11-08T08:33:18.304019Z,0.88,11,yes,690ec910-c78a-4101-05eb-6b731fed539d
KXKLEAGUEGAME-25NOV08GISGAW-GAW,2025-11-08T08:15:10.087678Z,0.71,66,no,9845353c-5f1e-5b52-7ae8-82b779dd971d
KXKLEAGUEGAME-25NOV08GISGAW-GAW,2025-11-08T08:15:10.087678Z,0.71,250,no,5a135fd9-bbbb-53a1-562b-c0ef68afbd74
KXKLEAGUEGAME-25NOV08GISGAW-GAW,2025-11-08T08:15:10.087678Z,0.72,21,no,40425f70-bc17-5429-466e-05bbfecd607d
KXKLEAGUEGAME-25NOV08GISGAW-GAW,2025-11-08T08:15:04.607317Z,0.85,3,yes,264d558c-2705-5fba-d215-1a2dda8ecb5f
KXKLEAGUEGAME-25NOV08GISGAW-GAW,2025-11-08T08:14:51.402615Z,0.72,17,no,2b1c286f-8443-5209-0798-6b80b99cda15
KXKLEAGUEGAME-25NOV08GISGAW-GAW,2025-11-08T08:14:43.521215Z,0.72,76,no,a9e96326-9c83-7889-0ee7-b1f0a3b1d7b5
KXKLEAGUEGAME-25NOV08GISGAW-GAW,2025-11-08T08:13:12.9304Z,0.83,3,yes,76a885fd-09b9-6bb0-4d0a-f4e6cc06e6be
KXKLEAGUEGAME-25NOV08GISGAW-GAW,2025-11-08T08:11:32.749465Z,0.74,48,yes,8caa74f6-7c3f-46ec-88a0-a0106194a127
KXKLEAGUEGAME-25NOV08GISGAW-GAW,2025-11-08T08:11:32.749465Z,0.74,38,yes,6375d7c6-0f89-4963-b56c-3ae9e10b81f2
KXKLEAGUEGAME-25NOV08GISGAW-GAW,2025-11-08T08:07:35.462958Z,0.76,83,yes,f73e1318-9b8f-5701-82b5-bce7a54210a6
KXKLEAGUEGAME-25NOV08GISGAW-GAW,2025-11-08T08:07:35.462958Z,0.75,99,yes,8c178d3f-37f9-566b-aa4a-06cc4eb2d7d3
KXKLEAGUEGAME-25NOV08GISGAW-GAW,2025-11-08T08:07:35.462958Z,0.73,48,yes,6ea16ea3-b758-52b4-b429-b1cc4ff8df1b
KXKLEAGUEGAME-25NOV08GISGAW-GAW,2025-11-08T08:07:35.462958Z,0.74,99,yes,4d81e0b5-9b7a-5da8-8034-c3c08f9f30d1
KXKLEAGUEGAME-25NOV08GISGAW-GAW,2025-11-08T08:00:51.708969Z,0.64,79,yes,cdab464d-dadf-6059-1c5c-cb3bf678a23c
KXKLEAGUEGAME-25NOV08GISGAW-GAW,2025-11-08T08:00:51.708969Z,0.64,114,yes,9703a7ee-5a76-64e0-14d4-e8ca05e0a48d
KXKLEAGUEGAME-25NOV08GISGAW-GAW,2025-11-08T08:00:51.708969Z,0.66,29,yes,9467b3b9-0146-6677-0e5a-5fbe62245711
KXKLEAGUEGAME-25NOV08GISGAW-GAW,2025-11-08T08:00:51.708969Z,0.63,114,yes,8618d110-1f02-6f8a-0081-86c33fedbd34
KXKLEAGUEGAME-25NOV08GISGAW-GAW,2025-11-08T07:55:35.765921Z,0.41,7,yes,4e0d665c-661c-4843-f45c-c7f0f57693ac
KXKLEAGUEGAME-25NOV08GISGAW-GAW,2025-11-08T07:54:09.167223Z,0.41,11,yes,6f8a05e8-f8f3-4838-2fb4-cd1825f241c0
KXKLEAGUEGAME-25NOV08GISGAW-GAW,2025-11-08T07:54:04.271617Z,0.41,81,yes,76057f53-f65f-6f3c-8d73-f35665325088
KXKLEAGUEGAME-25NOV08GISGAW-GAW,2025-11-08T07:53:14.465869Z,0.41,65,yes,b1d74941-0fc3-43b0-ba71-2659fb69bba8
KXKLEAGUEGAME-25NOV08GISGAW-GAW,2025-11-08T07:52:05.100432Z,0.4,11,no,a0e43f46-db2c-6a24-5a07-035b9c2d2a93
KXKLEAGUEGAME-25NOV08GISGAW-GAW,2025-11-08T07:52:03.454611Z,0.4,500,yes,c6740dc4-5608-48ac-9aeb-c3f75a29ffec
KXKLEAGUEGAME-25NOV08GISGAW-GAW,2025-11-08T07:51:59.76401Z,0.4,15,yes,7105b601-2a53-6a9c-186a-783fd7f9e710
KXKLEAGUEGAME-25NOV08GISGAW-GAW,2025-11-08T07:51:48.348607Z,0.45,26,no,ee600ff0-7515-68a1-9ec5-44f5fdda3d42
KXKLEAGUEGAME-25NOV08GISGAW-GAW,2025-11-08T07:51:48.348607Z,0.44,42,no,9ea773e2-7dd1-6d67-92d0-337f4d0f099d
KXKLEAGUEGAME-25NOV08GISGAW-GAW,2025-11-08T07:51:44.736875Z,0.45,60,no,504939b1-fb69-7bad-4b9d-b75e377bc68e
KXKLEAGUEGAME-25NOV08GISGAW-GAW,2025-11-08T07:51:40.913915Z,0.45,139,no,fc61cd69-bd8d-6f91-f403-9fa49c3f88a6
KXKLEAGUEGAME-25NOV08GISGAW-GAW,2025-11-08T07:50:48.390762Z,0.45,66,no,ceb81285-94c9-4655-b606-a65f4ed959aa
KXKLEAGUEGAME-25NOV08GISGAW-GAW,2025-11-08T07:50:42.194711Z,0.45,73,no,1bed98b3-c60d-67dd-18ff-76011d2571a2
KXKLEAGUEGAME-25NOV08GISGAW-GAW,2025-11-08T07:50:27.603823Z,0.45,56,no,86e52372-9729-6269-fcc8-6e8c23c2e592
KXKLEAGUEGAME-25NOV08GISGAW-GAW,2025-11-08T07:49:19.953544Z,0.85,1,yes,f4589fc3-fefb-7571-d800-1d9d82666a22
KXKLEAGUEGAME-25NOV08GISGAW-GAW,2025-11-08T07:47:01.543957Z,0.43,2,no,e781dd5c-745d-5fbd-b6b5-8ebd1d3624ea
KXKLEAGUEGAME-25NOV08GISGAW-GAW,2025-11-08T07:46:38.7019Z,0.91,2,yes,e7e26f00-6ed7-7028-4a04-aeab7f50b54c
KXKLEAGUEGAME-25NOV08GISGAW-GAW,2025-11-08T07:45:07.113925Z,0.44,14,yes,7dfaf382-4f51-745e-dca4-d00f02058d22
KXKLEAGUEGAME-25NOV08GISGAW-GAW,2025-11-08T07:44:13.665434Z,0.44,10,yes,928f420a-1e40-429a-82de-4506dbe3c70c
KXKLEAGUEGAME-25NOV08GISGAW-GAW,2025-11-08T07:43:51.208519Z,0.44,30,yes,e8970df7-92ab-48b0-0826-9853231fdcd6
KXKLEAGUEGAME-25NOV08GISGAW-GAW,2025-11-08T07:42:38.337921Z,0.87,11,yes,6dea34b0-cd67-409c-7143-329d48fe20de
KXKLEAGUEGAME-25NOV08GISGAW-GAW,2025-11-08T07:42:10.078815Z,0.43,40,no,951dbd40-8755-5525-59e3-cf3839db2826
KXKLEAGUEGAME-25NOV08GISGAW-GAW,2025-11-08T07:42:10.037432Z,0.43,98,no,0477a915-1c79-7405-1227-5702be517d76
KXKLEAGUEGAME-25NOV08GISGAW-GAW,2025-11-08T07:40:44.252645Z,0.44,437,yes,a9ffb6e1-d75f-47c7-2efb-1aecae0ed342
KXKLEAGUEGAME-25NOV08GISGAW-GAW,2025-11-08T07:39:19.056511Z,0.41,30,no,f3a60b31-fee2-79cb-2e9f-c4d24630fcdf
KXKLEAGUEGAME-25NOV08GISGAW-GAW,2025-11-08T07:39:19.056511Z,0.41,91,no,deef085b-f546-7da1-3ab1-f05256b63670
KXKLEAGUEGAME-25NOV08GISGAW-GAW,2025-11-08T07:39:19.056511Z,0.41,103,no,14a44e4e-4211-7e17-1522-cbe03aee7db7
KXKLEAGUEGAME-25NOV08GISGAW-GAW,2025-11-08T07:38:35.245356Z,0.43,224,yes,f99951e7-c8ac-66be-fbf0-50b56cb53ab5
KXKLEAGUEGAME-25NOV08GISGAW-GAW,2025-11-08T07:37:38.709785Z,0.43,3,yes,2712e582-9aa8-456e-cc75-81396aea5c2d
KXKLEAGUEGAME-25NOV08GISGAW-GAW,2025-11-08T07:36:32.788011Z,0.42,9,yes,1fa09578-bdb7-7131-155c-cf39784c6b3f
KXKLEAGUEGAME-25NOV08GISGAW-GAW,2025-11-08T07:29:05.713087Z,0.43,4,yes,506a8b91-f6ff-5e60-6a44-7bae4c2e0d0c
KXKLEAGUEGAME-25NOV08GISGAW-GAW,2025-11-08T07:27:33.690471Z,0.42,100,no,d9212723-294a-44f9-7ad4-cb50e2cf0067
KXKLEAGUEGAME-25NOV08GISGAW-GAW,2025-11-08T07:26:30.960253Z,0.41,2,no,a942ab3d-3d7e-6e19-2f0c-15a6f6f9e58a
KXKLEAGUEGAME-25NOV08GISGAW-GAW,2025-11-08T07:11:55.225087Z,0.43,25,yes,0e131f73-ab83-4920-1099-70c7df570b0c
KXKLEAGUEGAME-25NOV08GISGAW-GAW,2025-11-08T07:10:02.723263Z,0.43,11,yes,aa0af960-2ac7-52b0-6b31-8ea874f1e498
KXKLEAGUEGAME-25NOV08GISGAW-GAW,2025-11-08T07:09:15.076019Z,0.44,10,yes,980add6e-cbce-6352-e253-23fb6a205fcd
KXKLEAGUEGAME-25NOV08GISGAW-GAW,2025-11-08T06:54:28.460715Z,0.44,30,yes,b9a0b551-31ad-7ebf-a6f1-5ec645f7413d
KXKLEAGUEGAME-25NOV08GISGAW-GAW,2025-11-08T06:54:28.460715Z,0.45,77,yes,a1595ce1-e1df-73df-b47d-0ccba94b86c5
KXKLEAGUEGAME-25NOV08GISGAW-GAW,2025-11-08T05:53:31.331013Z,0.3,250,no,36f763a7-5a20-69be-e6b8-11443f33939a
KXKLEAGUEGAME-25NOV08GISGAW-GAW,2025-11-08T05:53:31.331013Z,0.31,30,no,31566731-6549-6de6-d984-8e254736a456
KXKLEAGUEGAME-25NOV08GISGAW-GAW,2025-11-08T05:45:43.196399Z,0.3,250,no,da0c1bf3-0da0-45d2-9665-7f0264904ae2
KXKLEAGUEGAME-25NOV08GISGAW-GAW,2025-11-08T05:45:43.196399Z,0.31,30,no,aff37516-096a-4fbd-a5c3-37d73c1f1596
