ticker,created_time,price,count,taker_side,trade_id
KXKLEAGUEGAME-25NOV08JEJANY-JEJ,2025-11-08T06:54:21.9512Z,0.01,89,yes,ede95191-18b1-4846-d127-a85cc8e4d6cb
KXKLEAGUEGAME-25NOV08JEJANY-JEJ,2025-11-08T06:44:21.941229Z,0.01,46,yes,7aa13343-bc71-495e-5c65-ec098413a8c7
KXKLEAGUEGAME-25NOV08JEJANY-JEJ,2025-11-08T06:34:56.828699Z,0.01,22,yes,8d30f52c-ed09-493e-6a13-98dec7aeff23
KXKLEAGUEGAME-25NOV08JEJANY-JEJ,2025-11-08T06:33:53.768071Z,0.01,93,yes,5ea285c9-88ad-5e66-7029-c138b3413c2f
KXKLEAGUEGAME-25NOV08JEJANY-JEJ,2025-11-08T06:31:12.202601Z,0.01,1,no,e430d856-ff5d-6822-7be2-ff635b5b2e70
KXKLEAGUEGAME-25NOV08JEJANY-JEJ,2025-11-08T06:31:01.61247Z,0.01,31,no,1f902ab1-c7e1-4c9a-c466-9189699cd2f0
KXKLEAGUEGAME-25NOV08JEJANY-JEJ,2025-11-08T06:30:44.47967Z,0.01,164,no,0b4a2904-d63d-66ca-33eb-ee7bda215844
KXKLEAGUEGAME-25NOV08JEJANY-JEJ,2025-11-08T06:30:39.555912Z,0.01,34,no,fa20bbbb-0c61-44e2-b9b5-bb41d198d960
KXKLEAGUEGAME-25NOV08JEJANY-JEJ,2025-11-08T06:30:21.314847Z,0.01,43,no,1bcb213f-0dcd-5c7a-c185-7f4346f4a0b8
KXKLEAGUEGAME-25NOV08JEJANY-JEJ,2025-11-08T06:30:16.068576Z,0.01,3116,no,2d9b6956-aa69-5f7e-6851-ab14076d4958
KXKLEAGUEGAME-25NOV08JEJANY-JEJ,2025-11-08T06:30:16.049598Z,0.01,3,no,1674723d-5245-4ece-fd77-0d18f01dc714
KXKLEAGUEGAME-25NOV08JEJANY-JEJ,2025-11-08T06:30:03.401317Z,0.01,35,no,323ddff4-7bbd-73fe-e81a-de6971477440
KXKLEAGUEGAME-25NOV08JEJANY-JEJ,2025-11-08T06:29:54.234463Z,0.01,1000,no,44ed130f-d95d-62f2-4884-2add128f8eec
KXKLEAGUEGAME-25NOV08JEJANY-JEJ,2025-11-08T06:29:21.612022Z,0.01,51,no,566f6d1d-999d-41c2-15ba-cc8848b9c280
KXKLEAGUEGAME-25NOV08JEJANY-JEJ,2025-11-08T06:29:08.007546Z,0.01,522,no,be514d19-8391-7832-254d-cc7f75e7fc84
KXKLEAGUEGAME-25NOV08JEJANY-JEJ,2025-11-08T06:26:47.05763Z,0.01,207,no,8292f2ec-68bb-4b1b-aa74-6e9d17fa5118
KXKLEAGUEGAME-25NOV08JEJANY-JEJ,2025-11-08T06:26:47.05763Z,0.01,200,no,6f0b27ff-00fa-47f3-8d68-4e3e20318d97
KXKLEAGUEGAME-25NOV08JEJANY-JEJ,2025-11-08T06:26:47.05763Z,0.01,200,no,1e23884d-51ee-44d4-bed8-99d2ced4ca4f
KXKLEAGUEGAME-25NOV08JEJANY-JEJ,2025-11-08T06:26:38.832Z,0.01,205,no,6f912169-a4b3-72c7-069b-4e70128a3bc4
KXKLEAGUEGAME-25NOV08JEJANY-JEJ,2025-11-08T06:26:36.854487Z,0.01,2,no,3f79fdad-b863-602b-9867-c6e72d6a489c
KXKLEAGUEGAME-25NOV08JEJANY-JEJ,2025-11-08T06:25:55.973215Z,0.01,102,no,80228288-badb-542f-a27f-d4320e2266a4
KXKLEAGUEGAME-25NOV08JEJANY-JEJ,2025-11-08T06:25:51.821961Z,0.01,5,no,d4848202-426f-5a8b-5fd9-77629ca21048
KXKLEAGUEGAME-25NOV08JEJANY-JEJ,2025-11-08T06:25:37.66272Z,0.01,1,no,d2a0fc20-23cf-4713-277e-d7bb80fa7b04
KXKLEAGUEGAME-25NOV08JEJANY-JEJ,2025-11-08T06:25:18.000395Z,0.02,84,no,d8e3c110-158e-60e1-13e2-fbdc96132cde
KXKLEAGUEGAME-25NOV08JEJANY-JEJ,2025-11-08T06:24:32.738352Z,0.02,103,no,d1f865b0-8012-6855-fa4f-bb6206ee92f2
KXKLEAGUEGAME-25NOV08JEJANY-JEJ,2025-11-08T06:24:27.698826Z,0.02,78,no,a83eb636-aa76-4c45-e218-e722930db112
KXKLEAGUEGAME-25NOV08JEJANY-JEJ,2025-11-08T06:23:59.882557Z,0.02,155,no,a06bbc43-0ffe-7085-50ad-ab88401e196e
KXKLEAGUEGAME-25NOV08JEJANY-JEJ,2025-11-08T06:23:57.769354Z,0.02,6,no,31e16793-bb96-6d31-a92a-ce3f6b1d4122
KXKLEAGUEGAME-25NOV08JEJANY-JEJ,2025-11-08T06:23:39.745649Z,0.02,74,no,7dbd655e-c39e-51f5-9a45-f6e99ad191a2
KXKLEAGUEGAME-25NOV08JEJANY-JEJ,2025-11-08T06:22:18.528022Z,0.03,59,no,ae20830c-cfdb-7d20-36b0-298b8b8c85a4
KXKLEAGUEGAME-25NOV08JEJANY-JEJ,2025-11-08T06:21:20.074673Z,0.09,75,no,6f8308af-5b97-7d63-e868-0c396b8a0528
KXKLEAGUEGAME-25NOV08JEJANY-JEJ,2025-11-08T06:21:10.388278Z,0.09,1,no,9cbaf195-3e83-5b97-d88f-88961ac6ca3c
KXKLEAGUEGAME-25NOV08JEJANY-JEJ,2025-11-08T06:21:08.913593Z,0.09,75,no,169f0cf4-fb37-768f-346f-febe213ff3c0
KXKLEAGUEGAME-25NOV08JEJANY-JEJ,2025-11-08T06:21:08.584582Z,0.09,4,no,c29d2174-feab-47e3-4825-4df5f7db59f8
KXKLEAGUEGAME-25NOV08JEJANY-JEJ,2025-11-08T06:21:06.489305Z,0.09,1711,no,e0a252df-60cb-771b-a438-0cb28725cdd4
KXKLEAGUEGAME-25NOV08JEJANY-JEJ,2025-11-08T06:21:03.789698Z,0.09,144,no,e70d6141-601b-734b-3a84-09d98f0b69f4
KXKLEAGUEGAME-25NOV08JEJANY-JEJ,2025-11-08T06:21:01.485733Z,0.09,343,no,32e025bf-0717-7a07-74a4-4287de7ef07c
KXKLEAGUEGAME-25NOV08JEJANY-JEJ,2025-11-08T06:20:52.739329Z,0.09,10,no,f59794de-4f0b-5ddf-b627-6e2f83a20004
KXKLEAGUEGAME-25NOV08JEJANY-JEJ,2025-11-08T06:20:47.966972Z,0.09,10,no,c790db96-dbbb-724f-bc26-3e65e8c0d8b8
KXKLEAGUEGAME-25NOV08JEJANY-JEJ,2025-11-08T06:20:47.022643Z,0.09,400,no,7c6a0f91-b643-77a7-4530-c8922db4ad18
KXKLEAGUEGAME-25NOV08JEJANY-JEJ,2025-11-08T06:20:43.732955Z,0.1,317,no,65e45300-66b8-5cc3-759e-2e19836c9f59
KXKLEAGUEGAME-25NOV08JEJANY-JEJ,2025-11-08T06:20:39.506473Z,0.09,11,no,e7bd4947-8477-6137-f402-a64f45e4a7a8
KXKLEAGUEGAME-25NOV08JEJANY-JEJ,2025-11-08T06:20:38.845162Z,0.09,23,no,a686f60d-3fab-40f3-d612-7651435f0930
KXKLEAGUEGAME-25NOV08JEJANY-JEJ,2025-11-08T06:20:35.546416Z,0.09,100,no,e275d737-9c87-6d13-9b51-60ccf97bd084
KXKLEAGUEGAME-25NOV08JEJANY-JEJ,2025-11-08T06:20:35.10805Z,0.09,436,no,ec04fcf6-ce3b-4a2b-99e3-2bc5a89b7524
KXKLEAGUEGAME-25NOV08JEJANY-JEJ,2025-11-08T06:20:34.417962Z,0.09,19,no,c53cae53-ffdf-63d3-a6fc-a518ec6c1578
KXKLEAGUEGAME-25NOV08JEJANY-JEJ,2025-11-08T06:20:34.193533Z,0.09,912,no,b417d095-2d07-54a3-777d-e698725283b8
KXKLEAGUEGAME-25NOV08JEJANY-JEJ,2025-11-08T06:20:32.706258Z,0.09,54,no,1314ad02-b563-51cf-4190-ed24faaf4bfc
KXKLEAGUEGAME-25NOV08JEJANY-JEJ,2025-11-08T06:20:30.398514Z,0.09,13,no,b0dfaf9b-1e1b-73eb-0aae-7cafbc43edc4
KXKLEAGUEGAME-25NOV08JEJANY-JEJ,2025-11-08T06:20:26.779144Z,0.09,39,no,b7afb4e6-259f-6f33-bfac-323468c2b18c
KXKLEAGUEGAME-25NOV08JEJANY-JEJ,2025-11-08T06:20:21.09685Z,0.09,5,no,0dc681de-ff6f-62bb-25df-b9be01446e98
KXKLEAGUEGAME-25NOV08JEJANY-JEJ,2025-11-08T06:20:12.308156Z,0.09,51,no,140aa85a-3617-7a43-922a-f10df20647a8
KXKLEAGUEGAME-25NOV08JEJANY-JEJ,2025-11-08T06:20:11.273525Z,0.09,90,no,16b4c91b-e7e3-672b-94e6-0a5174ee13ac
KXKLEAGUEGAME-25NOV08JEJANY-JEJ,2025-11-08T06:20:08.652615Z,0.09,206,no,9a3e1970-e403-7a6b-75e4-a0be542a7014
KXKLEAGUEGAME-25NOV08JEJANY-JEJ,2025-11-08T06:19:53.974029Z,0.09,58,no,a608cdc0-f6c3-7e2f-4281-1f875cebe938
KXKLEAGUEGAME-25NOV08JEJANY-JEJ,2025-11-08T06:19:38.487418Z,0.09,97,no,d0f37fe5-f233-4a03-a881-c4cc23e4ed40
KXKLEAGUEGAME-25NOV08JEJANY-JEJ,2025-11-08T06:19:16.3985Z,0.11,61,no,7d19dcae-5094-4be5-d932-c03aa7136683
KXKLEAGUEGAME-25NOV08JEJANY-JEJ,2025-11-08T06:19:16.3985Z,0.09,71,no,68856b33-42ef-41b3-dd7c-c6c2a8daa154
KXKLEAGUEGAME-25NOV08JEJANY-JEJ,2025-11-08T06:19:11.905578Z,0.14,3,yes,9e0fb143-8e16-646c-76e4-6e2be66f79c7
KXKLEAGUEGAME-25NOV08JEJANY-JEJ,2025-11-08T06:18:51.244957Z,0.11,55,no,8c140c29-1d18-6b69-8aa4-b15526c5cd27
KXKLEAGUEGAME-25NOV08JEJANY-JEJ,2025-11-08T06:18:32.765676Z,0.11,1,no,157e45cf-9580-4b25-7862-8bb24171da3f
KXKLEAGUEGAME-25NOV08JEJANY-JEJ,2025-11-08T06:16:52.182689Z,0.15,5,yes,807c4b13-04c5-5815-75c7-05cd2c4cf441
KXKLEAGUEGAME-25NOV08JEJANY-JEJ,2025-11-08T06:16:17.529803Z,0.11,1,no,ee011164-c6f4-7615-6132-39f7fb447e4b
KXKLEAGUEGAME-25NOV08JEJANY-JEJ,2025-11-08T06:15:11.884312Z,0.1,4,no,cee23769-2150-7c3d-c094-5345f17f938f
KXKLEAGUEGAME-25NOV08JEJANY-JEJ,2025-11-08T06:15:10.545589Z,0.22,5,yes,d2059887-3c34-4c8a-429b-368c9fcb35ec
KXKLEAGUEGAME-25NOV08JEJANY-JEJ,2025-11-08T06:15:10.545589Z,0.23,201,yes,8a498bb6-3f31-44fa-58f6-d81d0cf8e83a
KXKLEAGUEGAME-25NOV08JEJANY-JEJ,2025-11-08T06:13:54.254208Z,0.17,100,yes,98dddc91-3d1b-5169-75ca-a6d76aeb8270
KXKLEAGUEGAME-25NOV08JEJANY-JEJ,2025-11-08T06:13:54.254208Z,0.21,100,yes,6889a810-c427-5005-6293-e82da49122b2
KXKLEAGUEGAME-25NOV08JEJANY-JEJ,2025-11-08T06:13:54.254208Z,0.23,161,yes,21a01660-d6a5-592e-5d67-567b1ddf459a
KXKLEAGUEGAME-25NOV08JEJANY-JEJ,2025-11-08T06:13:54.254208Z,0.16,122,yes,130454b0-c5bd-5f4a-6cf3-43363411e726
KXKLEAGUEGAME-25NOV08JEJANY-JEJ,2025-11-08T06:12:29.324211Z,0.09,183,no,54d10c80-b57f-77b3-b6c2-25f4c18e42f0
KXKLEAGUEGAME-25NOV08JEJANY-JEJ,2025-11-08T06:12:09.538913Z,0.16,10,yes,ab4bcbda-8377-79e0-a4e4-339a15acbc06
KXKLEAGUEGAME-25NOV08JEJANY-JEJ,2025-11-08T06:12:09.538913Z,0.23,116,yes,0ae59b2f-a6b1-7b7a-bb48-f51c5309f5ae
KXKLEAGUEGAME-25NOV08JEJANY-JEJ,2025-11-08T06:11:20.461948Z,0.09,86,no,d87a8eb1-a873-77f7-1682-3bd1d6497ddc
KXKLEAGUEGAME-25NOV08JEJANY-JEJ,2025-11-08T06:10:49.828348Z,0.09,89,no,dae23067-53c3-7fe3-3b19-79f2b9f30f14
KXKLEAGUEGAME-25NOV08JEJANY-JEJ,2025-11-08T06:10:32.53354Z,0.17,4,yes,b1fd482c-5d4e-662a-0c9c-a0dde1ab47d6
KXKLEAGUEGAME-25NOV08JEJANY-JEJ,2025-11-08T06:10:32.53354Z,0.24,16,yes,5099072f-68d4-6ea0-2516-f50456838b7b
KXKLEAGUEGAME-25NOV08JEJANY-JEJ,2025-11-08T06:10:19.746257Z,0.17,100,yes,90e0543a-72d6-72d6-d7aa-1c0a8a908f5a
KXKLEAGUEGAME-25NOV08JEJANY-JEJ,2025-11-08T06:09:52.221503Z,0.09,1,no,a852bd51-e173-5c7f-dc70-0c573aaac118
KXKLEAGUEGAME-25NOV08JEJANY-JEJ,2025-11-08T06:09:38.408453Z,0.09,2,no,57ebb7d5-5a3f-4e27-9b81-a73362e1be10
KXKLEAGUEGAME-25NOV08JEJANY-JEJ,2025-11-08T06:09:38.408453Z,0.1,1,no,2dabc838-03e0-4609-910c-db0122ab5e49
KXKLEAGUEGAME-25NOV08JEJANY-JEJ,2025-11-08T06:08:49.268974Z,0.17,25,yes,22feb783-6dae-5f02-8a29-cca2aa11ccfa
KXKLEAGUEGAME-25NOV08JEJANY-JEJ,2025-11-08T06:08:30.284566Z,0.09,36,no,d04a37d2-da97-6597-1bf1-9130e32b07a8
KXKLEAGUEGAME-25NOV08JEJANY-JEJ,2025-11-08T06:08:13.189099Z,0.18,1,yes,ef1be023-9ca4-47b8-2db3-e480ce263594
KXKLEAGUEGAME-25NOV08JEJANY-JEJ,2025-11-08T06:07:54.913534Z,0.09,24,no,513a83b0-86e3-6ea3-a1ba-e8b60cfaa97c
KXKLEAGUEGAME-25NOV08JEJANY-JEJ,2025-11-08T06:07:46.465126Z,0.09,13,no,2ac544de-c6f7-72c3-b6d4-e538d80c6bd4
KXKLEAGUEGAME-25NOV08JEJANY-JEJ,2025-11-08T06:07:45.971866Z,0.19,1,yes,05ce16b1-3c12-7f96-352f-bc589d5f4a1a
KXKLEAGUEGAME-25NOV08JEJANY-JEJ,2025-11-08T06:07:23.392058Z,0.13,5,no,5b04e60e-08c9-6be8-b1e8-651bd43a98a7
KXKLEAGUEGAME-25NOV08JEJANY-JEJ,2025-11-08T06:07:23.392058Z,0.09,7,no,1f4df537-b237-6ff7-98b8-fd9e5f111f28
KXKLEAGUEGAME-25NOV08JEJANY-JEJ,2025-11-08T06:05:55.018574Z,0.25,19,yes,dd1e9e51-9bc1-4afe-5861-1c93640fa356
KXKLEAGUEGAME-25NOV08JEJANY-JEJ,2025-11-08T06:05:47.194075Z,0.25,2,yes,dde589b8-390d-573a-9021-c8980719bff2
KXKLEAGUEGAME-25NOV08JEJANY-JEJ,2025-11-08T06:05:21.167099Z,0.14,17,no,bbee8880-e163-54c8-44ca-4a36742907e7
KXKLEAGUEGAME-25NOV08JEJANY-JEJ,2025-11-08T06:05:11.79118Z,0.15,5,yes,7659ba65-d4a0-49e4-242c-3339b29777df
KXKLEAGUEGAME-25NOV08JEJANY-JEJ,2025-11-08T06:03:52.088329Z,0.25,2,yes,2624f81e-09bd-4216-7ced-a96ac61b2632
KXKLEAGUEGAME-25NOV08JEJANY-JEJ,2025-11-08T06:03:52.088329Z,0.23,100,yes,18a9a8f9-3ab3-41db-7d16-c295ec402225
KXKLEAGUEGAME-25NOV08JEJANY-JEJ,2025-11-08T06:02:42.237222Z,0.12,2,no,0422b362-36ff-7884-ed2c-865638552b34
KXKLEAGUEGAME-25NOV08JEJANY-JEJ,2025-11-08T06:00:45.617326Z,0.24,15,yes,4d26c3cb-3848-4940-8d4e-60fd53ade461
KXKLEAGUEGAME-25NOV08JEJANY-JEJ,2025-11-08T06:00:39.378311Z,0.24,3,yes,234c1fbf-5f40-72b4-2d19-8f94e4279579
KXKLEAGUEGAME-25NOV08JEJANY-JEJ,2025-11-08T06:00:25.473948Z,0.24,3,yes,c69c2489-01b4-782c-57a0-7b02ac8c368d
KXKLEAGUEGAME-25NOV08JEJANY-JEJ,2025-11-08T05:59:02.712639Z,0.25,55,yes,e3dcf60c-388c-6d97-b5ac-efa3eed4cb40
KXKLEAGUEGAME-25NOV08JEJANY-JEJ,2025-11-08T05:59:02.712639Z,0.17,794,yes,802cdec6-1c21-62b8-9f3b-72c7c0433723
KXKLEAGUEGAME-25NOV08JEJANY-JEJ,2025-11-08T05:59:02.712639Z,0.25,162,yes,674386a6-9b79-650e-9f8a-a6d412306d9a
KXKLEAGUEGAME-25NOV08JEJANY-JEJ,2025-11-08T05:58:46.050271Z,0.17,144,yes,72a04eef-f2bd-7c34-3e92-b1f2a4ce5bb7
KXKLEAGUEGAME-25NOV08JEJANY-JEJ,2025-11-08T05:58:22.632261Z,0.17,62,yes,2d30d0a5-6b2d-4064-fb92-ac19ad837737
KXKLEAGUEGAME-25NOV08JEJANY-JEJ,2025-11-08T05:57:27.665302Z,0.25,19,yes,1143583b-85d0-721f-34c1-840c35b66314
KXKLEAGUEGAME-25NOV08JEJANY-JEJ,2025-11-08T05:56:41.927742Z,0.24,23,yes,e687d044-5518-6e6f-5bee-f12e91cf06a4
KXKLEAGUEGAME-25NOV08JEJANY-JEJ,2025-11-08T05:53:51.584187Z,0.24,39,yes,d0403539-572c-5527-3b61-5e00fd44f960
KXKLEAGUEGAME-25NOV08JEJANY-JEJ,2025-11-08T05:53:31.167457Z,0.09,10,no,2fbf64db-d58b-5483-d276-0c5368856b50
KXKLEAGUEGAME-25NOV08JEJANY-JEJ,2025-11-08T05:53:30.945497Z,0.09,33,no,5b43f785-332f-779b-6768-d616f1c8a94c
KXKLEAGUEGAME-25NOV08JEJANY-JEJ,2025-11-08T05:53:30.794474Z,0.09,33,no,9c64755f-edfb-7e77-6c71-f8170a2d1b04
KXKLEAGUEGAME-25NOV08JEJANY-JEJ,2025-11-08T05:53:25.640854Z,0.1,3,no,94ab88d1-2c18-4b1e-730b-2abf24eb84ce
KXKLEAGUEGAME-25NOV08JEJANY-JEJ,2025-11-08T05:53:25.640854Z,0.09,3,no,09b07eb8-4c4b-4e7f-4945-135988a09e48
KXKLEAGUEGAME-25NOV08JEJANY-JEJ,2025-11-08T05:52:53.100588Z,0.1,10,no,ebbda1b4-169c-452e-db12-d768b0ad254e
KXKLEAGUEGAME-25NOV08JEJANY-JEJ,2025-11-08T05:52:17.238708Z,0.1,16,no,5b51f796-799e-4a07-1bc4-5fe1a058d53f
KXKLEAGUEGAME-25NOV08JEJANY-JEJ,2025-11-08T05:52:11.469035Z,0.21,13,yes,fe435d75-9308-450b-3632-84975ce43be8
KXKLEAGUEGAME-25NOV08JEJANY-JEJ,2025-11-08T05:52:11.469035Z,0.2,24,yes,e7da02f0-79f1-425b-3c13-e4e66d34838e
KXKLEAGUEGAME-25NOV08JEJANY-JEJ,2025-11-08T05:51:58.361282Z,0.1,7,no,0e7b0c54-19ba-4e73-0e6e-2f513a12bf3f
KXKLEAGUEGAME-25NOV08JEJANY-JEJ,2025-11-08T05:51:54.298631Z,0.2,4,yes,5592e11e-ac03-5ac2-eaf2-0770075d8929
KXKLEAGUEGAME-25NOV08JEJANY-JEJ,2025-11-08T05:51:26.477527Z,0.1,22,no,0fe3721a-ed9a-665f-d4d5-db0dd72742c3
KXKLEAGUEGAME-25NOV08JEJANY-JEJ,2025-11-08T05:50:53.829762Z,0.23,4,yes,e6ed12c4-6164-5053-66d6-59bbaa09487c
KXKLEAGUEGAME-25NOV08JEJANY-JEJ,2025-11-08T05:50:53.543214Z,0.23,41,yes,92ca0979-7924-7ba3-2b18-92de53c5b940
KXKLEAGUEGAME-25NOV08JEJANY-JEJ,2025-11-08T05:50:38.435494Z,0.24,19,yes,80f21da8-6da5-47e4-3a6d-b8ef3ddc4809
KXKLEAGUEGAME-25NOV08JEJANY-JEJ,2025-11-08T05:50:33.016152Z,0.1,93,no,630e3ddf-8e8d-44db-65be-87ab12d23883
KXKLEAGUEGAME-25NOV08JEJANY-JEJ,2025-11-08T05:50:33.016152Z,0.09,237,no,38e51534-0d17-410f-625b-b643024da4f0
KXKLEAGUEGAME-25NOV08JEJANY-JEJ,2025-11-08T05:50:32.233619Z,0.1,24,no,f5c40190-4021-5c7f-2ea7-7b4a4d9f9a6b
KXKLEAGUEGAME-25NOV08JEJANY-JEJ,2025-11-08T05:49:48.303168Z,0.24,90,yes,ef9318c7-df02-7c93-689f-89dde15f0a44
KXKLEAGUEGAME-25NOV08JEJANY-JEJ,2025-11-08T05:49:03.357004Z,0.24,27,yes,1863663e-06ba-6297-4334-335ac71ab720
KXKLEAGUEGAME-25NOV08JEJANY-JEJ,2025-11-08T05:47:59.229184Z,0.09,43,no,2e121da0-3103-57fb-6247-015ab1b6a2a8
KXKLEAGUEGAME-25NOV08JEJANY-JEJ,2025-11-08T05:47:59.229184Z,0.09,16,no,185660e5-7f54-5ad2-6ff0-dd95f1a6bd99
KXKLEAGUEGAME-25NOV08JEJANY-JEJ,2025-11-08T05:46:42.872513Z,0.29,16,yes,4ab320e6-a502-5beb-c707-16e90b260838
KXKLEAGUEGAME-25NOV08JEJANY-JEJ,2025-11-08T05:46:39.624692Z,0.03,23,no,cfe47077-ad53-6ff8-a9ba-24c007ba33b0
KXKLEAGUEGAME-25NOV08JEJANY-JEJ,2025-11-08T05:46:37.874048Z,0.3,15,yes,1b82b143-b0a0-785b-9ddf-d64cbf3a3098
KXKLEAGUEGAME-25NOV08JEJANY-JEJ,2025-11-08T05:45:04.163517Z,0.4,11,yes,52110595-1fa0-7703-3404-9ec970f6ccf8
KXKLEAGUEGAME-25NOV08JEJANY-JEJ,2025-11-08T05:45:00.171956Z,0.03,118,no,a62829d0-d987-5f2c-21af-7863c90929e8
KXKLEAGUEGAME-25NOV08JEJANY-JEJ,2025-11-08T05:45:00.171956Z,0.11,52,no,7b6e6785-872c-52b2-3937-42d67b996a86
KXKLEAGUEGAME-25NOV08JEJANY-JEJ,2025-11-08T05:45:00.171956Z,0.04,41,no,707f3331-6401-5312-1f72-c440e363386a
KXKLEAGUEGAME-25NOV08JEJANY-JEJ,2025-11-08T05:44:47.566056Z,0.47,10,yes,fa6cb2ad-3738-7ea1-6b0c-99040c1c49f8
KXKLEAGUEGAME-25NOV08JEJANY-JEJ,2025-11-08T05:44:34.565422Z,0.4,50,yes,e17ea075-ca55-568d-d014-0ab45bc45001
KXKLEAGUEGAME-25NOV08JEJANY-JEJ,2025-11-08T05:44:34.565422Z,0.48,12,yes,c534b09a-860d-56d6-c516-5d246101bada
KXKLEAGUEGAME-25NOV08JEJANY-JEJ,2025-11-08T05:42:56.985628Z,0.57,12,yes,6f814ad6-bd2b-7dc1-81c8-91c52b539df0
KXKLEAGUEGAME-25NOV08JEJANY-JEJ,2025-11-08T05:42:33.984264Z,0.58,45,yes,f15b47f9-02b3-72e7-0e02-124e740fd238
KXKLEAGUEGAME-25NOV08JEJANY-JEJ,2025-11-08T05:42:33.984264Z,0.58,259,yes,d66db564-9221-7e52-1503-da261dd03d5a
KXKLEAGUEGAME-25NOV08JEJANY-JEJ,2025-11-08T05:42:18.024814Z,0.58,6,yes,547dc0c0-d653-68db-228e-4bd9594b5970
KXKLEAGUEGAME-25NOV08JEJANY-JEJ,2025-11-08T05:40:14.001782Z,0.74,1,yes,aeee1636-472d-6df8-2059-a378e85f5940
KXKLEAGUEGAME-25NOV08JEJANY-JEJ,2025-11-08T05:39:49.061956Z,0.78,1,yes,4b6765ed-706b-420b-fc3f-6cff61eca4f8
KXKLEAGUEGAME-25NOV08JEJANY-JEJ,2025-11-08T05:37:48.799063Z,0.04,259,no,285fbeba-a811-5a5e-d235-47e8f99aab0e
