ticker,created_time,price,count,taker_side,trade_id
KXKLEAGUEGAME-25NOV09ULSSFC-ULS,2025-11-09T09:40:30.616795Z,0.99,49,no,3e46604a-4c39-6972-80c4-8f70edb7e576
KXKLEAGUEGAME-25NOV09ULSSFC-ULS,2025-11-09T09:38:30.449265Z,0.99,33,no,879d9368-e795-53a6-0fdd-af64ab1cb4fa
KXKLEAGUEGAME-25NOV09ULSSFC-ULS,2025-11-09T09:36:51.016069Z,0.99,20,no,055e3896-7d79-4e9e-1b2b-361a470430ca
KXKLEAGUEGAME-25NOV09ULSSFC-ULS,2025-11-09T09:30:04.47845Z,0.99,36,no,5f89a903-eb1d-762a-044f-8f57b4af4d92
KXKLEAGUEGAME-25NOV09ULSSFC-ULS,2025-11-09T09:29:34.988659Z,0.99,150,no,c93a2b90-a095-6296-e7f4-6b1f948eb2f2
KXKLEAGUEGAME-25NOV09ULSSFC-ULS,2025-11-09T09:29:15.59295Z,0.99,13,no,faf03ae3-4fa5-4c0a-f630-8310f0906df2
KXKLEAGUEGAME-25NOV09ULSSFC-ULS,2025-11-09T09:28:56.285565Z,0.99,263,no,b56b53fd-a0cd-5796-e198-3efeeeb884b2
KXKLEAGUEGAME-25NOV09ULSSFC-ULS,2025-11-09T09:28:51.772749Z,0.99,7,no,a59b9555-9335-7e3e-0c1c-914b1db0bcf6
KXKLEAGUEGAME-25NOV09ULSSFC-ULS,2025-11-09T09:28:41.560481Z,0.99,45,no,195d0476-b091-77c6-6854-500c01820df6
KXKLEAGUEGAME-25NOV09ULSSFC-ULS,2025-11-09T09:28:28.247524Z,0.99,700,yes,ec513db9-7133-755b-69b3-911b8ff7c3fc
KXKLEAGUEGAME-25NOV09ULSSFC-ULS,2025-11-09T09:28:28.247524Z,0.99,5,yes,de262746-7a4d-7654-4394-8c817efd8dd0
KXKLEAGUEGAME-25NOV09ULSSFC-ULS,2025-11-09T09:28:28.247524Z,0.99,250,yes,824d17ca-a066-76fb-4feb-9698e5b0abe0
KXKLEAGUEGAME-25NOV09ULSSFC-ULS,2025-11-09T09:28:28.247524Z,0.99,96,yes,6eb50639-8c5b-743d-74fa-2b3687fe680e
KXKLEAGUEGAME-25NOV09ULSSFC-ULS,2025-11-09T09:28:28.247524Z,0.99,14,yes,2e7e312e-7bd8-7f71-4420-aac15ebb4847
KXKLEAGUEGAME-25NOV09ULSSFC-ULS,2025-11-09T09:27:14.103816Z,0.77,262,no,608cb4f0-f03b-708a-038a-59d4e09e60df
KXKLEAGUEGAME-25NOV09ULSSFC-ULS,2025-11-09T09:26:52.628531Z,0.99,11,yes,9c8d6578-2a82-78df-c062-d6cdefb463e4
KXKLEAGUEGAME-25NOV09ULSSFC-ULS,2025-11-09T09:26:48.548266Z,0.95,8,yes,a6b6c9bd-fbfe-79d8-00b8-68a68a79bebf
KXKLEAGUEGAME-25NOV09ULSSFC-ULS,2025-11-09T09:26:48.548266Z,0.96,119,yes,98253b9d-6e77-746b-2568-bb6b459b3247
KXKLEAGUEGAME-25NOV09ULSSFC-ULS,2025-11-09T09:26:48.548266Z,0.98,29,yes,837bb163-19e6-79ba-3f61-0ce4b36a1ca6
KXKLEAGUEGAME-25NOV09ULSSFC-ULS,2025-11-09T09:26:48.548266Z,0.96,119,yes,7e22e6f6-cf73-78c2-30e3-a335291e6d7a
KXKLEAGUEGAME-25NOV09ULSSFC-ULS,2025-11-09T09:26:48.548266Z,0.97,119,yes,6f783227-4929-7ca4-21d6-96f9f5cddfa4
KXKLEAGUEGAME-25NOV09ULSSFC-ULS,2025-11-09T09:26:48.548266Z,0.97,119,yes,605b08b7-112d-79e7-1bb7-d034193b8822
KXKLEAGUEGAME-25NOV09ULSSFC-ULS,2025-11-09T09:26:46.907562Z,0.95,2,yes,ede0397e-3c0a-44c8-d145-2f3126d750af
KXKLEAGUEGAME-25NOV09ULSSFC-ULS,2025-11-09T09:26:34.540903Z,0.48,50,no,6cbe901a-aff1-5202-d34b-6bae1d741a52
KXKLEAGUEGAME-25NOV09ULSSFC-ULS,2025-11-09T09:26:05.224119Z,0.99,10,yes,7c33225a-a7d2-60bf-b858-760c77555e64
KXKLEAGUEGAME-25NOV09ULSSFC-ULS,2025-11-09T09:26:02.623652Z,0.94,152,no,f0d24b85-8e20-5b21-f970-05315f9e3b36
KXKLEAGUEGAME-25NOV09ULSSFC-ULS,2025-11-09T09:26:02.623652Z,0.51,83,no,ee9c8f7e-2037-5bd3-e12e-20229e8e6792
KXKLEAGUEGAME-25NOV09ULSSFC-ULS,2025-11-09T09:26:02.623652Z,0.52,119,no,61379db6-fa87-5fe3-ced1-fdc5123bac70
KXKLEAGUEGAME-25NOV09ULSSFC-ULS,2025-11-09T09:26:02.623652Z,0.52,119,no,2f932bcc-ac8a-5e9c-dd30-1123d87d43fb
KXKLEAGUEGAME-25NOV09ULSSFC-ULS,2025-11-09T09:26:00.755856Z,0.94,12,no,578d928a-3bb4-691d-f64a-b1923c84fb62
KXKLEAGUEGAME-25NOV09ULSSFC-ULS,2025-11-09T09:25:57.824743Z,0.94,25,no,9710bd3c-93e4-5a5d-a14f-c927826dec0a
KXKLEAGUEGAME-25NOV09ULSSFC-ULS,2025-11-09T09:25:57.431069Z,0.94,67,no,fc0b8199-76b8-5001-f603-8b30aae605e2
KXKLEAGUEGAME-25NOV09ULSSFC-ULS,2025-11-09T09:25:56.300407Z,0.94,4,no,fbc38b40-b620-5eb1-2bc3-ca098664f8b6
KXKLEAGUEGAME-25NOV09ULSSFC-ULS,2025-11-09T09:25:54.655767Z,0.94,25,no,1cc192c4-8b6c-7381-3a11-96d1d9f73876
KXKLEAGUEGAME-25NOV09ULSSFC-ULS,2025-11-09T09:25:44.697867Z,0.61,119,yes,b083f0f3-816e-53f2-dd59-6f4a54c2ba9a
KXKLEAGUEGAME-25NOV09ULSSFC-ULS,2025-11-09T09:25:44.697867Z,0.61,31,yes,8482d0fc-103d-5407-d613-4b0662000988
KXKLEAGUEGAME-25NOV09ULSSFC-ULS,2025-11-09T09:25:44.697867Z,0.4,10,yes,41f49a0c-5d44-5df8-c3ff-e698ae3c0287
KXKLEAGUEGAME-25NOV09ULSSFC-ULS,2025-11-09T09:25:20.135883Z,0.02,17,no,e53390a6-b712-7561-ed55-07fcc0960675
KXKLEAGUEGAME-25NOV09ULSSFC-ULS,2025-11-09T09:25:18.567392Z,0.02,20,no,5606922b-64c6-7c79-9442-bcbac47bcefd
KXKLEAGUEGAME-25NOV09ULSSFC-ULS,2025-11-09T09:24:52.466606Z,0.02,110,no,e291f61a-e6fa-5ed5-d30f-a98628fb35e9
KXKLEAGUEGAME-25NOV09ULSSFC-ULS,2025-11-09T09:24:33.454079Z,0.02,11,no,11f8635a-5e0e-4729-7512-dbd4e8d0466d
KXKLEAGUEGAME-25NOV09ULSSFC-ULS,2025-11-09T09:24:33.315805Z,0.02,3,no,d26b5fca-964e-6d11-6679-0bb02e1362a9
KXKLEAGUEGAME-25NOV09ULSSFC-ULS,2025-11-09T09:24:11.334767Z,0.02,36,no,2ddce38b-452a-62e5-adb6-58885ed637c1
KXKLEAGUEGAME-25NOV09ULSSFC-ULS,2025-11-09T09:23:49.336871Z,0.55,2,no,74f33ef2-cb4b-5cc8-5e98-108ef0a75097
KXKLEAGUEGAME-25NOV09ULSSFC-ULS,2025-11-09T09:23:47.047937Z,0.55,21,no,2cda4ce3-aa27-46f4-f5d5-1eafcc890a2f
KXKLEAGUEGAME-25NOV09ULSSFC-ULS,2025-11-09T09:23:39.730207Z,0.05,18,no,f6a3c36f-cc6d-4cc4-b06a-2930e58f1932
KXKLEAGUEGAME-25NOV09ULSSFC-ULS,2025-11-09T09:23:36.538772Z,0.05,10,no,239fdca4-d469-4bf0-d5a8-7d5593f88bf6
KXKLEAGUEGAME-25NOV09ULSSFC-ULS,2025-11-09T09:23:34.11861Z,0.06,518,no,e8f34333-7f08-574c-4e63-ac1868aab810
KXKLEAGUEGAME-25NOV09ULSSFC-ULS,2025-11-09T09:23:34.11861Z,0.05,174,no,ca1645c8-da8d-5dbc-6eb2-80fd6955b584
KXKLEAGUEGAME-25NOV09ULSSFC-ULS,2025-11-09T09:23:34.11861Z,0.05,20,no,b61c4012-0e1d-5aa4-50e1-5b746aa02230
KXKLEAGUEGAME-25NOV09ULSSFC-ULS,2025-11-09T09:23:34.11861Z,0.04,6,no,9c5c8278-89fc-5421-6617-efe5c3cbefdb
KXKLEAGUEGAME-25NOV09ULSSFC-ULS,2025-11-09T09:23:34.11861Z,0.04,300,no,689b7949-0f96-5922-5ce6-6da016d0e99c
KXKLEAGUEGAME-25NOV09ULSSFC-ULS,2025-11-09T09:23:34.11861Z,0.05,174,no,1434a19c-f51e-5739-59ff-c37016872a36
KXKLEAGUEGAME-25NOV09ULSSFC-ULS,2025-11-09T09:23:31.961342Z,0.55,50,no,87f8c8ac-a176-49b1-feac-c85c7ea9a4ca
KXKLEAGUEGAME-25NOV09ULSSFC-ULS,2025-11-09T09:23:24.295772Z,0.3,31,no,e388d111-35a9-7e65-0821-329878c9947a
KXKLEAGUEGAME-25NOV09ULSSFC-ULS,2025-11-09T09:23:24.295772Z,0.3,174,no,06063e69-e91c-7d08-1984-7aac3d8a2e42
KXKLEAGUEGAME-25NOV09ULSSFC-ULS,2025-11-09T09:23:23.198239Z,0.37,50,no,4665bec5-cb23-7fa5-33e7-7315fd1362ad
KXKLEAGUEGAME-25NOV09ULSSFC-ULS,2025-11-09T09:23:23.102947Z,0.98,37,yes,860db3f4-c013-4661-ff1c-ad3cec75845f
KXKLEAGUEGAME-25NOV09ULSSFC-ULS,2025-11-09T09:23:23.079526Z,0.37,19,no,e3e1fb64-6c43-52a1-dde3-93157e3d82c9
KXKLEAGUEGAME-25NOV09ULSSFC-ULS,2025-11-09T09:23:23.078476Z,0.37,37,no,df0c41e0-ce0f-4c51-94f8-2317bb988dc1
KXKLEAGUEGAME-25NOV09ULSSFC-ULS,2025-11-09T09:23:23.073445Z,0.5,37,no,c54a3049-283c-4df2-4306-17c6eff0d9fa
KXKLEAGUEGAME-25NOV09ULSSFC-ULS,2025-11-09T09:23:18.963894Z,0.5,31,no,4d1dd7e1-546c-7892-212a-faf66be7a5b6
KXKLEAGUEGAME-25NOV09ULSSFC-ULS,2025-11-09T09:23:18.560325Z,0.5,57,no,1afc7066-3c80-78d6-7434-edb59b1d93c6
KXKLEAGUEGAME-25NOV09ULSSFC-ULS,2025-11-09T09:23:08.273436Z,0.52,24,no,8fa47992-450a-73d3-913e-017b9933b185
KXKLEAGUEGAME-25NOV09ULSSFC-ULS,2025-11-09T09:23:07.280883Z,0.65,109,no,bc5143af-e4ae-5493-c2cb-e264beab5b01
KXKLEAGUEGAME-25NOV09ULSSFC-ULS,2025-11-09T09:23:07.280883Z,0.73,10,no,77c69737-24ca-52df-d493-98ea53454484
KXKLEAGUEGAME-25NOV09ULSSFC-ULS,2025-11-09T09:22:53.207408Z,0.76,24,no,f9769a02-adc3-4b2f-fdf2-c5cb6007d146
KXKLEAGUEGAME-25NOV09ULSSFC-ULS,2025-11-09T09:22:53.207408Z,0.77,1,no,ca4b32a6-302f-4afc-eab7-b157e105df45
KXKLEAGUEGAME-25NOV09ULSSFC-ULS,2025-11-09T09:22:29.813734Z,0.99,25,yes,6cba7b82-4e72-43cb-f340-4df4dc24bd58
KXKLEAGUEGAME-25NOV09ULSSFC-ULS,2025-11-09T09:21:43.27961Z,0.98,17,no,e73ddfd1-d7b0-43df-f74a-acaf824bedaf
KXKLEAGUEGAME-25NOV09ULSSFC-ULS,2025-11-09T09:21:17.243128Z,0.98,16,no,5ebe60fb-6b28-4deb-7113-481764b014ff
KXKLEAGUEGAME-25NOV09ULSSFC-ULS,2025-11-09T09:21:13.055582Z,0.98,25,no,7277e8a4-f308-6d03-7315-ecefd0b7015f
KXKLEAGUEGAME-25NOV09ULSSFC-ULS,2025-11-09T09:21:10.089412Z,0.98,25,no,ae866fcc-610c-5cbb-a02e-3edb05bcba2b
KXKLEAGUEGAME-25NOV09ULSSFC-ULS,2025-11-09T09:21:07.128529Z,0.98,67,yes,eab0ee62-15c5-4c83-e99c-56ba21968319
KXKLEAGUEGAME-25NOV09ULSSFC-ULS,2025-11-09T09:21:07.128529Z,0.98,50,yes,44e1ba7e-081c-48fe-d8cf-f5b1ab12a1d3
KXKLEAGUEGAME-25NOV09ULSSFC-ULS,2025-11-09T09:20:55.938654Z,0.98,18,no,37529776-eff3-55c8-a34b-f3e671d229e5
KXKLEAGUEGAME-25NOV09ULSSFC-ULS,2025-11-09T09:20:55.938654Z,0.98,10,no,203e655e-7b6c-5607-9dcf-3d8ca4d70703
KXKLEAGUEGAME-25NOV09ULSSFC-ULS,2025-11-09T09:20:54.916544Z,0.98,25,no,d1ff106d-3467-7124-fdd8-156ab1614f29
KXKLEAGUEGAME-25NOV09ULSSFC-ULS,2025-11-09T09:20:54.522589Z,0.98,10,no,a5c2b4f8-024b-45c8-e7bb-936d5c9fda9d
KXKLEAGUEGAME-25NOV09ULSSFC-ULS,2025-11-09T09:20:54.422136Z,0.99,5,yes,9a3cc256-1156-4a4f-5c4f-941786237e50
KXKLEAGUEGAME-25NOV09ULSSFC-ULS,2025-11-09T09:20:51.662103Z,0.98,25,no,2ea02f0f-31e7-7610-94e2-bc90e9aa0195
KXKLEAGUEGAME-25NOV09ULSSFC-ULS,2025-11-09T09:20:48.69004Z,0.98,25,no,702803ae-373f-51fc-cb14-7722a6e7bc79
KXKLEAGUEGAME-25NOV09ULSSFC-ULS,2025-11-09T09:20:46.429625Z,0.98,25,no,a8a58b92-5287-53a4-3550-446669c75ff9
KXKLEAGUEGAME-25NOV09ULSSFC-ULS,2025-11-09T09:19:44.821273Z,0.98,40,no,e6364635-9b1f-5fd4-b388-9606843d8959
KXKLEAGUEGAME-25NOV09ULSSFC-ULS,2025-11-09T09:19:35.360814Z,0.98,23,no,1f1fb591-766f-72f4-4d5d-123aae663f21
KXKLEAGUEGAME-25NOV09ULSSFC-ULS,2025-11-09T09:19:21.000794Z,0.99,20,yes,3d389c8a-b052-75a7-9831-6148582230a4
KXKLEAGUEGAME-25NOV09ULSSFC-ULS,2025-11-09T09:19:08.157855Z,0.99,679,yes,9454cbe8-1b56-5a6b-451b-7857fd853f38
KXKLEAGUEGAME-25NOV09ULSSFC-ULS,2025-11-09T09:19:08.157855Z,0.99,500,yes,42da1d4e-3223-5f8c-5d7c-e8ad7c5da1f4
KXKLEAGUEGAME-25NOV09ULSSFC-ULS,2025-11-09T09:19:04.753352Z,0.98,37,no,ea1a5c8f-d477-7974-e5ac-a21ca0df7741
KXKLEAGUEGAME-25NOV09ULSSFC-ULS,2025-11-09T09:18:54.316661Z,0.98,21,no,36a57bc5-8fdf-7660-84d7-d5b44b4db87d
KXKLEAGUEGAME-25NOV09ULSSFC-ULS,2025-11-09T09:18:51.730246Z,0.98,30,no,efb6021e-2b4b-6e20-665f-f7702bd54db9
KXKLEAGUEGAME-25NOV09ULSSFC-ULS,2025-11-09T09:18:44.268712Z,0.98,21,yes,f0293a6e-8407-7b22-f051-b12feb3023a4
KXKLEAGUEGAME-25NOV09ULSSFC-ULS,2025-11-09T09:18:44.268712Z,0.98,700,yes,c8031209-3aec-7ad0-e9a9-602a4b9cd67a
KXKLEAGUEGAME-25NOV09ULSSFC-ULS,2025-11-09T09:18:44.147419Z,0.98,3,yes,c910bb38-7ce3-4b5e-0948-e2f255c9d5a8
KXKLEAGUEGAME-25NOV09ULSSFC-ULS,2025-11-09T09:18:39.040045Z,0.98,50,yes,b04c2c57-c22b-45e6-15b7-29c43e02e190
KXKLEAGUEGAME-25NOV09ULSSFC-ULS,2025-11-09T09:18:33.17563Z,0.98,57,yes,9b0dc7d6-ba17-51ee-7b70-f79bb42f8178
KXKLEAGUEGAME-25NOV09ULSSFC-ULS,2025-11-09T09:18:28.828828Z,0.98,37,yes,1a91fd79-16e7-57de-c884-5af0529016d4
KXKLEAGUEGAME-25NOV09ULSSFC-ULS,2025-11-09T09:18:10.676875Z,0.97,1028,yes,b742bea7-c23f-66a5-c7b5-b1a0717252a3
KXKLEAGUEGAME-25NOV09ULSSFC-ULS,2025-11-09T09:17:49.597593Z,0.97,102,yes,1fb2ca18-04e6-790e-b504-da9f694f6ea3
KXKLEAGUEGAME-25NOV09ULSSFC-ULS,2025-11-09T09:17:41.573282Z,0.98,32,yes,54039c9c-a7db-6b22-30ff-dd26f9d8d070
KXKLEAGUEGAME-25NOV09ULSSFC-ULS,2025-11-09T09:17:41.573282Z,0.94,72,yes,318d851b-9d30-653d-329e-edbb0f3c91b1
KXKLEAGUEGAME-25NOV09ULSSFC-ULS,2025-11-09T09:17:39.704926Z,0.94,10,yes,b174d1ec-4f00-6181-0761-fca191801ccd
KXKLEAGUEGAME-25NOV09ULSSFC-ULS,2025-11-09T09:17:38.524339Z,0.94,3,yes,dad310b3-f0e8-4e05-3d61-5478185bc3b5
KXKLEAGUEGAME-25NOV09ULSSFC-ULS,2025-11-09T09:17:30.235548Z,0.94,105,yes,fe39b9da-ad80-6539-5361-bdcadeb8afc5
KXKLEAGUEGAME-25NOV09ULSSFC-ULS,2025-11-09T09:17:22.415358Z,0.93,107,yes,ec26a792-4aae-4a7f-838c-ccc9d2dbeda4
KXKLEAGUEGAME-25NOV09ULSSFC-ULS,2025-11-09T09:17:14.780266Z,0.93,50,yes,f8f6b6d5-ff4d-6870-7c9f-e8be4db23786
KXKLEAGUEGAME-25NOV09ULSSFC-ULS,2025-11-09T09:17:14.780266Z,0.93,9,yes,ddf18660-290d-619b-6d39-4cea3d0b806a
KXKLEAGUEGAME-25NOV09ULSSFC-ULS,2025-11-09T09:17:14.780266Z,0.94,47,yes,9f6c0106-d28c-689d-7024-d14f7a0a84f1
KXKLEAGUEGAME-25NOV09ULSSFC-ULS,2025-11-09T09:17:07.593787Z,0.91,50,yes,a43c50fa-eadd-5245-ca6e-a695d5e2e5ca
KXKLEAGUEGAME-25NOV09ULSSFC-ULS,2025-11-09T09:17:07.593787Z,0.91,59,yes,492a9704-a7ce-5ba8-f1f7-a45b0c2282d7
KXKLEAGUEGAME-25NOV09ULSSFC-ULS,2025-11-09T09:16:59.845303Z,0.91,109,yes,11b63e27-1d16-5df0-0466-bda9e1322d1f
KXKLEAGUEGAME-25NOV09ULSSFC-ULS,2025-11-09T09:16:57.576481Z,0.91,11,yes,5f2f31d3-0cfe-77b8-72e7-cd5e5366fc83
KXKLEAGUEGAME-25NOV09ULSSFC-ULS,2025-11-09T09:15:53.563945Z,0.76,9,no,7d43313a-7e1b-6a60-71a5-84d94529c5a1
KXKLEAGUEGAME-25NOV09ULSSFC-ULS,2025-11-09T09:15:53.563945Z,0.85,8,no,1ca902f6-aafa-663c-48f4-eaa1381b8ac1
KXKLEAGUEGAME-25NOV09ULSSFC-ULS,2025-11-09T09:15:40.020938Z,0.85,28,no,bf08005a-576e-5e18-3b23-129841ff09f5
KXKLEAGUEGAME-25NOV09ULSSFC-ULS,2025-11-09T09:15:20.486909Z,0.91,2,yes,374ae4b9-674d-685f-6295-2bf1878fb2a3
KXKLEAGUEGAME-25NOV09ULSSFC-ULS,2025-11-09T09:14:55.653073Z,0.85,1,yes,02b74d88-b586-64be-9aea-ada521747c04
KXKLEAGUEGAME-25NOV09ULSSFC-ULS,2025-11-09T09:12:05.115036Z,0.85,29,yes,3129066f-073e-6ef6-5b9c-90d0c91b7ab0
KXKLEAGUEGAME-25NOV09ULSSFC-ULS,2025-11-09T09:12:05.115036Z,0.84,10,yes,0ff52804-5926-6fa2-68cb-7f3eded41204
KXKLEAGUEGAME-25NOV09ULSSFC-ULS,2025-11-09T09:10:21.220098Z,0.75,50,no,ca13ff3b-766a-55f7-f9ae-7b8dbccd7463
KXKLEAGUEGAME-25NOV09ULSSFC-ULS,2025-11-09T09:09:41.71751Z,0.78,30,yes,390d7997-8f2b-76b5-0499-5a4e7c71c27e
KXKLEAGUEGAME-25NOV09ULSSFC-ULS,2025-11-09T09:09:39.707428Z,0.78,10,no,d05f09a8-3eea-7237-ff43-0edc9f993e7b
KXKLEAGUEGAME-25NOV09ULSSFC-ULS,2025-11-09T09:08:57.985399Z,0.94,50,yes,f993c8ea-f850-61b9-249f-6938ede1b74d
KXKLEAGUEGAME-25NOV09ULSSFC-ULS,2025-11-09T09:08:57.985399Z,0.93,10,yes,aca73b56-66c3-642d-0fc0-e0f769ec9f4b
KXKLEAGUEGAME-25NOV09ULSSFC-ULS,2025-11-09T09:08:57.985399Z,0.86,50,yes,03a27003-610c-676f-0a34-a0aa2871300c
KXKLEAGUEGAME-25NOV09ULSSFC-ULS,2025-11-09T09:07:47.745599Z,0.85,56,no,b968f1d1-387a-646c-5bdc-714fe29a1ef2
KXKLEAGUEGAME-25NOV09ULSSFC-ULS,2025-11-09T09:07:47.745599Z,0.74,2,no,b002169a-852f-693e-70f3-a076fa7bb5cb
KXKLEAGUEGAME-25NOV09ULSSFC-ULS,2025-11-09T09:07:47.745599Z,0.74,13,no,a95e39dc-ebc9-66fe-6f6a-28ff4c8f0686
KXKLEAGUEGAME-25NOV09ULSSFC-ULS,2025-11-09T09:07:47.741361Z,0.85,69,no,d38dac62-309a-4df4-b161-aa340eb1e832
KXKLEAGUEGAME-25NOV09ULSSFC-ULS,2025-11-09T09:07:46.348661Z,0.86,43,yes,404e5cfc-4215-6674-f19f-e64295b670d6
KXKLEAGUEGAME-25NOV09ULSSFC-ULS,2025-11-09T09:07:34.642731Z,0.85,44,yes,83a69048-6c90-7e24-b082-c8debcf88737
KXKLEAGUEGAME-25NOV09ULSSFC-ULS,2025-11-09T09:07:34.642731Z,0.86,5,yes,4eff8ca3-f29b-7f9f-a3d4-1818fa28a9fb
KXKLEAGUEGAME-25NOV09ULSSFC-ULS,2025-11-09T09:07:08.824706Z,0.8,13,yes,107b15e2-daa5-4573-eeb5-68239564912c
KXKLEAGUEGAME-25NOV09ULSSFC-ULS,2025-11-09T09:05:12.237787Z,0.86,46,yes,5bd42ae3-5ed5-6744-1770-444f6c7d3f5c
KXKLEAGUEGAME-25NOV09ULSSFC-ULS,2025-11-09T09:05:01.358805Z,0.85,27,yes,f5358e63-0d5a-66bf-c43b-705c25ddf92f
KXKLEAGUEGAME-25NOV09ULSSFC-ULS,2025-11-09T09:05:01.358805Z,0.85,11,yes,e45b9d39-9da9-6041-cf38-43035926698b
KXKLEAGUEGAME-25NOV09ULSSFC-ULS,2025-11-09T09:05:01.358805Z,0.89,13,yes,c3faec16-c3a2-6a95-c936-3dac8a267f44
KXKLEAGUEGAME-25NOV09ULSSFC-ULS,2025-11-09T09:05:01.358805Z,0.94,206,yes,61054e32-c853-6c17-d18e-2b93d1b234f0
KXKLEAGUEGAME-25NOV09ULSSFC-ULS,2025-11-09T09:05:01.358805Z,0.84,26,yes,20438ed9-9c2f-61e9-d4bf-73ee108b61c1
KXKLEAGUEGAME-25NOV09ULSSFC-ULS,2025-11-09T09:05:01.358805Z,0.94,213,yes,1c594b78-da5c-6169-f0b8-c73c9fe30119
KXKLEAGUEGAME-25NOV09ULSSFC-ULS,2025-11-09T09:04:57.649035Z,0.68,8,no,a821fc47-90b7-435a-cabe-3b301aa9d027
KXKLEAGUEGAME-25NOV09ULSSFC-ULS,2025-11-09T09:04:18.412026Z,0.85,1,yes,d7a8270a-e681-4c2d-65b2-4c90119f9903
KXKLEAGUEGAME-25NOV09ULSSFC-ULS,2025-11-09T09:04:18.412026Z,0.84,10,yes,a03e1826-7c88-4d1a-5613-49e8aea7d538
KXKLEAGUEGAME-25NOV09ULSSFC-ULS,2025-11-09T09:04:00.796611Z,0.71,10,no,e1cb4dd6-8475-70c1-dc7d-68e646eb40b5
KXKLEAGUEGAME-25NOV09ULSSFC-ULS,2025-11-09T09:03:53.444981Z,0.85,18,yes,8cd374c2-0205-6ea9-9528-12d53949937f
KXKLEAGUEGAME-25NOV09ULSSFC-ULS,2025-11-09T09:02:53.348574Z,0.83,50,yes,3d68a57e-1b18-6c3e-a3f5-c2d24fa0c180
KXKLEAGUEGAME-25NOV09ULSSFC-ULS,2025-11-09T09:02:53.348574Z,0.83,32,yes,1705ee35-17ea-6001-8131-0e111e4034a4
KXKLEAGUEGAME-25NOV09ULSSFC-ULS,2025-11-09T09:01:25.878125Z,0.86,2,yes,a15d44ba-821d-7465-0963-4b64aeda9603
KXKLEAGUEGAME-25NOV09ULSSFC-ULS,2025-11-09T09:01:12.052165Z,0.86,18,yes,c05e8e9f-bb55-7791-08da-dc6355299f33
KXKLEAGUEGAME-25NOV09ULSSFC-ULS,2025-11-09T08:59:56.942086Z,0.81,50,yes,4a430dc7-49d2-7ab2-d749-3028f725d1ea
KXKLEAGUEGAME-25NOV09ULSSFC-ULS,2025-11-09T08:59:29.540389Z,0.81,9,yes,41b1d9dd-ca8c-73ca-6091-f9288d951db1
KXKLEAGUEGAME-25NOV09ULSSFC-ULS,2025-11-09T08:59:29.540389Z,0.94,13,yes,1c683684-b047-7473-5dd2-2314417efc50
KXKLEAGUEGAME-25NOV09ULSSFC-ULS,2025-11-09T08:59:28.908796Z,0.81,41,yes,47f90f41-a584-43ee-af88-ee04434264c1
KXKLEAGUEGAME-25NOV09ULSSFC-ULS,2025-11-09T08:59:23.15307Z,0.93,62,yes,63a29d20-3f87-599c-b821-422bf6287316
KXKLEAGUEGAME-25NOV09ULSSFC-ULS,2025-11-09T08:59:17.474919Z,0.9,11,yes,65590c21-1fca-629e-c894-5fe8a790bbcf
KXKLEAGUEGAME-25NOV09ULSSFC-ULS,2025-11-09T08:59:13.974097Z,0.84,93,yes,ee197e00-4f05-51f0-067e-474195e8e0e8
KXKLEAGUEGAME-25NOV09ULSSFC-ULS,2025-11-09T08:59:13.974097Z,0.94,581,yes,e5d86aca-2037-53f7-1934-a5069864ccd8
KXKLEAGUEGAME-25NOV09ULSSFC-ULS,2025-11-09T08:59:13.974097Z,0.89,10,yes,c129dec7-cb0a-585f-058f-0d2ef92128ec
KXKLEAGUEGAME-25NOV09ULSSFC-ULS,2025-11-09T08:59:13.974097Z,0.89,771,yes,8ca53d18-5ca7-550a-3a28-effff4505eaa
KXKLEAGUEGAME-25NOV09ULSSFC-ULS,2025-11-09T08:59:13.974097Z,0.91,111,yes,64e4eab7-70a2-5362-23c3-4c5359b952ad
KXKLEAGUEGAME-25NOV09ULSSFC-ULS,2025-11-09T08:59:13.974097Z,0.86,24,yes,5cba4703-88de-5f57-076e-17fc4b199753
KXKLEAGUEGAME-25NOV09ULSSFC-ULS,2025-11-09T08:59:13.974097Z,0.83,10,yes,4573dc50-6f6c-528a-3b2e-1af1f492bb84
KXKLEAGUEGAME-25NOV09ULSSFC-ULS,2025-11-09T08:59:13.974097Z,0.81,50,yes,1a905b78-c0fa-52f3-2ce4-bf29c87f77f3
KXKLEAGUEGAME-25NOV09ULSSFC-ULS,2025-11-09T08:58:47.112945Z,0.84,32,yes,8b40f722-b779-7bb0-c044-b65b5a00639c
KXKLEAGUEGAME-25NOV09ULSSFC-ULS,2025-11-09T08:58:47.112945Z,0.81,10,yes,6110a16f-f74b-7cf7-f8af-292e6197cf26
KXKLEAGUEGAME-25NOV09ULSSFC-ULS,2025-11-09T08:58:47.112945Z,0.82,53,yes,262d74fc-2654-7431-f9f2-373da375cf0d
KXKLEAGUEGAME-25NOV09ULSSFC-ULS,2025-11-09T08:56:39.658816Z,0.63,34,yes,63715539-5bfe-6c00-1755-be6c3bb418c6
KXKLEAGUEGAME-25NOV09ULSSFC-ULS,2025-11-09T08:56:37.937888Z,0.63,16,yes,39c30e86-171e-5bf4-a657-14e3338dba56
KXKLEAGUEGAME-25NOV09ULSSFC-ULS,2025-11-09T08:56:01.694435Z,0.63,38,yes,5091ed84-140c-77a5-a1c8-cb36dafa6e92
KXKLEAGUEGAME-25NOV09ULSSFC-ULS,2025-11-09T08:55:40.29412Z,0.63,10,no,1ad70f2d-afce-44ce-bf72-18cc7cdbb6b1
KXKLEAGUEGAME-25NOV09ULSSFC-ULS,2025-11-09T08:55:15.431102Z,0.84,24,yes,e81bda30-e7f5-47f3-d6b8-1c234ec01658
KXKLEAGUEGAME-25NOV09ULSSFC-ULS,2025-11-09T08:55:15.431102Z,0.77,10,yes,d020bdcd-c2c3-4bfe-e29c-db605e62d07d
KXKLEAGUEGAME-25NOV09ULSSFC-ULS,2025-11-09T08:55:15.431102Z,0.89,29,yes,b8f8c44a-a10b-40c6-c448-a24e82784976
KXKLEAGUEGAME-25NOV09ULSSFC-ULS,2025-11-09T08:55:15.431102Z,0.74,63,yes,88a01c4e-1908-433a-cb32-0b36c07f310d
KXKLEAGUEGAME-25NOV09ULSSFC-ULS,2025-11-09T08:55:15.431102Z,0.78,60,yes,1002c633-f4bb-4cba-defa-3ec963b8c4e5
KXKLEAGUEGAME-25NOV09ULSSFC-ULS,2025-11-09T08:55:09.60005Z,0.74,6,yes,07539f44-2150-4bfe-08d0-9d865609a971
KXKLEAGUEGAME-25NOV09ULSSFC-ULS,2025-11-09T08:55:02.292653Z,0.68,39,no,bf27b397-c22a-6bbb-dc08-51051465b84a
KXKLEAGUEGAME-25NOV09ULSSFC-ULS,2025-11-09T08:54:46.976452Z,0.74,21,yes,111db09d-87c0-6706-6a2c-37e283158f0d
KXKLEAGUEGAME-25NOV09ULSSFC-ULS,2025-11-09T08:54:34.464134Z,0.74,10,yes,eb039bca-5890-7d16-2cc6-ecb5941aaa81
KXKLEAGUEGAME-25NOV09ULSSFC-ULS,2025-11-09T08:53:33.074717Z,0.75,16,yes,f0328b8b-9b1a-525a-8236-42e220bc020e
KXKLEAGUEGAME-25NOV09ULSSFC-ULS,2025-11-09T08:53:11.898788Z,0.69,57,no,62d67ce9-a6fb-5de1-e59b-1bca1434c9e2
KXKLEAGUEGAME-25NOV09ULSSFC-ULS,2025-11-09T08:53:11.898788Z,0.56,19,no,0edda3e7-0713-5a57-d539-8cae0974685d
KXKLEAGUEGAME-25NOV09ULSSFC-ULS,2025-11-09T08:53:11.895478Z,0.71,30,no,b6613321-bab2-661a-9159-60f5ba7fa7c2
KXKLEAGUEGAME-25NOV09ULSSFC-ULS,2025-11-09T08:53:11.895478Z,0.72,3,no,66cf71c7-aa15-69e0-bb8e-feb2b4e981a1
KXKLEAGUEGAME-25NOV09ULSSFC-ULS,2025-11-09T08:51:58.085368Z,0.78,27,yes,03a98bde-228d-6b8d-bae3-a84ec983f2bf
KXKLEAGUEGAME-25NOV09ULSSFC-ULS,2025-11-09T08:51:43.25043Z,0.7,7,no,d9d857bf-9b1d-67d0-c26b-101b088e0139
KXKLEAGUEGAME-25NOV09ULSSFC-ULS,2025-11-09T08:51:39.289563Z,0.69,10,no,48a524a7-3ec7-5b7d-2386-ca5e0d805c4e
KXKLEAGUEGAME-25NOV09ULSSFC-ULS,2025-11-09T08:51:27.319547Z,0.69,33,no,8b273339-1a83-43d9-dd94-a35e4946ac8e
KXKLEAGUEGAME-25NOV09ULSSFC-ULS,2025-11-09T08:51:27.319547Z,0.7,10,no,1c701e28-b67f-49db-c2e0-95ade5028a4d
KXKLEAGUEGAME-25NOV09ULSSFC-ULS,2025-11-09T08:51:09.802503Z,0.75,30,no,7703c23a-ed77-4b68-7767-843ce5b12501
KXKLEAGUEGAME-25NOV09ULSSFC-ULS,2025-11-09T08:50:30.312728Z,0.83,46,yes,bf49aeff-3961-5d45-dc90-04b08bd16de3
KXKLEAGUEGAME-25NOV09ULSSFC-ULS,2025-11-09T08:50:30.312728Z,0.83,46,yes,92e0bd96-aa47-570a-f06e-622a4a7750c4
KXKLEAGUEGAME-25NOV09ULSSFC-ULS,2025-11-09T08:50:30.312728Z,0.81,10,yes,8c2e95c6-f734-50f8-e664-b410aa472f66
KXKLEAGUEGAME-25NOV09ULSSFC-ULS,2025-11-09T08:50:30.312728Z,0.87,2,yes,8656ba4f-cdcf-5011-c61a-b56f70558e1f
KXKLEAGUEGAME-25NOV09ULSSFC-ULS,2025-11-09T08:50:30.312728Z,0.84,25,yes,68d1a9cd-c827-52a5-fce4-426ca9dd0422
KXKLEAGUEGAME-25NOV09ULSSFC-ULS,2025-11-09T08:50:30.312728Z,0.87,60,yes,577116c8-5afa-5a48-dd64-3581127ba118
KXKLEAGUEGAME-25NOV09ULSSFC-ULS,2025-11-09T08:50:30.312728Z,0.83,46,yes,39017cb4-c031-5a1f-e8da-366c4248f519
KXKLEAGUEGAME-25NOV09ULSSFC-ULS,2025-11-09T08:49:49.050387Z,0.8,6,yes,a4a3f9d6-89bd-471c-8708-d15d11d20bf5
KXKLEAGUEGAME-25NOV09ULSSFC-ULS,2025-11-09T08:49:49.050387Z,0.77,10,yes,955ff581-af57-4cff-96c0-325a89921a70
KXKLEAGUEGAME-25NOV09ULSSFC-ULS,2025-11-09T08:48:45.217632Z,0.77,5,yes,35ab4e1a-3297-5bfb-0a0a-f45fb9b98bc8
KXKLEAGUEGAME-25NOV09ULSSFC-ULS,2025-11-09T08:48:01.725012Z,0.77,7,yes,3691f23f-f738-6fff-9b07-c5a25b04a614
KXKLEAGUEGAME-25NOV09ULSSFC-ULS,2025-11-09T08:47:33.265264Z,0.78,8,yes,f6fa40c0-cbef-4f5a-77ea-bf02cfcd9644
KXKLEAGUEGAME-25NOV09ULSSFC-ULS,2025-11-09T08:47:33.265264Z,0.8,21,yes,49c63737-49d0-477c-40b3-544b0f915d20
KXKLEAGUEGAME-25NOV09ULSSFC-ULS,2025-11-09T08:47:33.265264Z,0.79,33,yes,307d7143-7db1-4839-79d3-7a4b76fc85a9
KXKLEAGUEGAME-25NOV09ULSSFC-ULS,2025-11-09T08:46:59.257477Z,0.67,5,no,248c4fd1-c886-611c-0725-c8bc639a1d9a
KXKLEAGUEGAME-25NOV09ULSSFC-ULS,2025-11-09T08:46:58.28514Z,0.67,5,no,7097105e-a306-5338-f1a5-b3cc05697d96
KXKLEAGUEGAME-25NOV09ULSSFC-ULS,2025-11-09T08:46:58.107787Z,0.67,5,no,86989ebf-da7e-53d8-bba5-55f2b9d51d72
KXKLEAGUEGAME-25NOV09ULSSFC-ULS,2025-11-09T08:46:31.36649Z,0.83,29,yes,ae6f9d38-cfa0-4b64-43cc-68cc46d4c047
KXKLEAGUEGAME-25NOV09ULSSFC-ULS,2025-11-09T08:45:52.729843Z,0.81,36,yes,56b72f54-a654-5c55-2c9a-00ded66da4a5
KXKLEAGUEGAME-25NOV09ULSSFC-ULS,2025-11-09T08:45:04.621298Z,0.86,14,yes,84b3254d-69ac-77b9-b03d-32c9f56ad930
KXKLEAGUEGAME-25NOV09ULSSFC-ULS,2025-11-09T08:45:03.903532Z,0.85,87,yes,66fdaafc-58cb-69a1-faad-e4af194f9f3b
KXKLEAGUEGAME-25NOV09ULSSFC-ULS,2025-11-09T08:44:49.890117Z,0.82,28,yes,9dd04cdb-badf-730d-4208-4079fba6590c
KXKLEAGUEGAME-25NOV09ULSSFC-ULS,2025-11-09T08:42:59.726572Z,0.82,24,yes,576eb8ed-92d7-54b3-61ed-3231514c6dee
KXKLEAGUEGAME-25NOV09ULSSFC-ULS,2025-11-09T08:42:43.001612Z,0.8,11,yes,f239b256-d7c3-5ca0-d6b4-1c2a15a178d6
KXKLEAGUEGAME-25NOV09ULSSFC-ULS,2025-11-09T08:42:43.001612Z,0.82,11,yes,985f7062-b3b2-53a7-faa7-baba15f14b9c
KXKLEAGUEGAME-25NOV09ULSSFC-ULS,2025-11-09T08:42:43.001612Z,0.79,8,yes,92414dc8-961f-50cf-f9a8-c17ac287e4d4
KXKLEAGUEGAME-25NOV09ULSSFC-ULS,2025-11-09T08:42:23.064799Z,0.79,12,yes,140a038e-9407-6967-09d5-d13454bea238
KXKLEAGUEGAME-25NOV09ULSSFC-ULS,2025-11-09T08:42:07.997206Z,0.85,52,yes,a5bca083-898b-4b07-b77c-75d89bc0e0ba
KXKLEAGUEGAME-25NOV09ULSSFC-ULS,2025-11-09T08:42:07.997206Z,0.85,118,yes,68fe9b78-aa02-4bb7-95f0-625c01715a1d
KXKLEAGUEGAME-25NOV09ULSSFC-ULS,2025-11-09T08:42:07.997206Z,0.85,118,yes,67785ddd-f675-4c5c-a5b4-1fc7df11bd0f
KXKLEAGUEGAME-25NOV09ULSSFC-ULS,2025-11-09T08:42:07.997206Z,0.85,118,yes,658ee030-10e4-4e87-a486-d214549438c6
KXKLEAGUEGAME-25NOV09ULSSFC-ULS,2025-11-09T08:42:07.997206Z,0.83,50,yes,4c303dff-6a55-4ce4-af9b-36318add5c0b
KXKLEAGUEGAME-25NOV09ULSSFC-ULS,2025-11-09T08:42:07.997206Z,0.85,17,yes,43251254-fc35-4609-9eb3-6f6c28e6b510
KXKLEAGUEGAME-25NOV09ULSSFC-ULS,2025-11-09T08:42:01.943228Z,0.64,20,no,68a716ce-7213-43d6-a46b-c3ddd47ad5f9
KXKLEAGUEGAME-25NOV09ULSSFC-ULS,2025-11-09T08:41:54.220227Z,0.64,60,no,cdaca063-e3fc-511a-1ec1-f839c1deb0cb
KXKLEAGUEGAME-25NOV09ULSSFC-ULS,2025-11-09T08:41:54.220227Z,0.63,20,no,921beb22-068e-51e6-2710-f632ddeadadb
KXKLEAGUEGAME-25NOV09ULSSFC-ULS,2025-11-09T08:41:54.220227Z,0.62,49,no,42f70372-b7da-5855-02cd-33cc60c5f643
KXKLEAGUEGAME-25NOV09ULSSFC-ULS,2025-11-09T08:41:54.220227Z,0.63,60,no,3ac33e07-77a4-5f15-1bc9-c24e20fabeee
KXKLEAGUEGAME-25NOV09ULSSFC-ULS,2025-11-09T08:41:41.672346Z,0.62,10,no,194f0f46-0312-42bd-24ce-5a52e16ac7f7
KXKLEAGUEGAME-25NOV09ULSSFC-ULS,2025-11-09T08:41:20.100293Z,0.6,5,no,d6a17f5c-d525-5117-b278-24b8c73f2574
KXKLEAGUEGAME-25NOV09ULSSFC-ULS,2025-11-09T08:41:18.291022Z,0.6,6,no,83126182-b0a9-6d17-0e93-f6a6795297d8
KXKLEAGUEGAME-25NOV09ULSSFC-ULS,2025-11-09T08:41:17.101863Z,0.61,5,no,22c57be3-f39b-62e1-cff3-564619ea63b5
KXKLEAGUEGAME-25NOV09ULSSFC-ULS,2025-11-09T08:41:14.393064Z,0.85,18,yes,f4c9d2c7-14a7-6daf-778a-16182064b28a
KXKLEAGUEGAME-25NOV09ULSSFC-ULS,2025-11-09T08:40:58.069848Z,0.8,34,yes,9dfb58b7-c032-6693-8c5c-39364ed21c20
KXKLEAGUEGAME-25NOV09ULSSFC-ULS,2025-11-09T08:40:58.069848Z,0.82,47,yes,4b6908b7-7f34-6b9e-98bc-dae948a04643
KXKLEAGUEGAME-25NOV09ULSSFC-ULS,2025-11-09T08:40:58.069848Z,0.83,20,yes,48374c45-4dad-6e08-a8e0-95a26cb27bbc
KXKLEAGUEGAME-25NOV09ULSSFC-ULS,2025-11-09T08:40:44.698961Z,0.82,6,yes,a6fb62ec-8780-5efe-7a8e-70b3a9142a0b
KXKLEAGUEGAME-25NOV09ULSSFC-ULS,2025-11-09T08:40:24.581977Z,0.77,36,yes,ecddfd0c-793f-73a6-d193-9d0d12ce1658
KXKLEAGUEGAME-25NOV09ULSSFC-ULS,2025-11-09T08:40:18.048729Z,0.51,10,no,9106b6cc-7eb6-6e0a-1072-205170ad1d2b
KXKLEAGUEGAME-25NOV09ULSSFC-ULS,2025-11-09T08:40:18.039447Z,0.64,34,no,f5dcb032-dc72-5b56-9171-920ebf530dcf
KXKLEAGUEGAME-25NOV09ULSSFC-ULS,2025-11-09T08:40:11.315829Z,0.77,76,yes,c1d0c2b5-1fdf-7809-928e-1e79287ec34a
KXKLEAGUEGAME-25NOV09ULSSFC-ULS,2025-11-09T08:40:11.315829Z,0.74,14,yes,69acf34e-5b3a-7d66-9267-0dbd8fc67ddf
KXKLEAGUEGAME-25NOV09ULSSFC-ULS,2025-11-09T08:40:11.315829Z,0.76,75,yes,36e20976-7ccc-7676-a9de-49b602fa0d40
KXKLEAGUEGAME-25NOV09ULSSFC-ULS,2025-11-09T08:40:11.315829Z,0.75,6,yes,1cbd7bae-e83d-7dd2-b0b9-eaa960b6943d
KXKLEAGUEGAME-25NOV09ULSSFC-ULS,2025-11-09T08:40:11.315829Z,0.77,12,yes,14fe6e67-75f7-7d23-be61-f1f53d20a774
KXKLEAGUEGAME-25NOV09ULSSFC-ULS,2025-11-09T08:40:11.315829Z,0.75,76,yes,0920c9c9-b440-77b9-abc4-97478eb21c33
KXKLEAGUEGAME-25NOV09ULSSFC-ULS,2025-11-09T08:40:08.671424Z,0.74,62,yes,e5452373-f06e-48c6-f4f5-ed20027de353
KXKLEAGUEGAME-25NOV09ULSSFC-ULS,2025-11-09T08:39:58.503362Z,0.76,6,yes,e2f84db2-6289-49d1-fe2c-1cde97e5ddf9
KXKLEAGUEGAME-25NOV09ULSSFC-ULS,2025-11-09T08:39:44.846211Z,0.7,50,no,ec905b75-08a4-6630-b22b-565473e46c0b
KXKLEAGUEGAME-25NOV09ULSSFC-ULS,2025-11-09T08:39:27.687442Z,0.84,16,yes,6ddf9317-b313-62af-b88d-114ec6f83fe2
KXKLEAGUEGAME-25NOV09ULSSFC-ULS,2025-11-09T08:39:27.687442Z,0.85,7,yes,31752829-4d7b-6809-a2f9-3862690b4268
KXKLEAGUEGAME-25NOV09ULSSFC-ULS,2025-11-09T08:39:27.040975Z,0.7,30,no,f1d47ef9-55bb-524e-7956-d284651e90fd
KXKLEAGUEGAME-25NOV09ULSSFC-ULS,2025-11-09T08:39:27.040975Z,0.64,6,no,c1075ea5-1862-584e-55d8-92a14e9f3d27
KXKLEAGUEGAME-25NOV09ULSSFC-ULS,2025-11-09T08:39:21.500677Z,0.84,86,yes,7c2a3fe4-7616-4dec-3cfe-23f81d3467e7
KXKLEAGUEGAME-25NOV09ULSSFC-ULS,2025-11-09T08:39:21.500677Z,0.82,2,yes,308019a4-00ea-4511-2c2c-3e6f41202200
KXKLEAGUEGAME-25NOV09ULSSFC-ULS,2025-11-09T08:39:11.678918Z,0.8,50,yes,f0b03d4c-2dfb-50fa-b603-ddea9f128896
KXKLEAGUEGAME-25NOV09ULSSFC-ULS,2025-11-09T08:38:32.821479Z,0.7,27,yes,b5af5fdf-99be-57b2-2fd8-b1814207dfdc
KXKLEAGUEGAME-25NOV09ULSSFC-ULS,2025-11-09T08:38:32.030237Z,0.76,84,no,0e49f05e-5867-5512-df4a-c1f6903ca78d
KXKLEAGUEGAME-25NOV09ULSSFC-ULS,2025-11-09T08:38:22.291154Z,0.78,8,yes,2413d8f3-0c76-555e-758a-35f26700d88c
KXKLEAGUEGAME-25NOV09ULSSFC-ULS,2025-11-09T08:38:06.016238Z,0.84,36,yes,ee611f5e-6f2b-663c-7fb2-1e8d633333d6
KXKLEAGUEGAME-25NOV09ULSSFC-ULS,2025-11-09T08:37:33.088995Z,0.8,92,yes,c08112da-4011-5c7d-2841-487d9e9075c3
KXKLEAGUEGAME-25NOV09ULSSFC-ULS,2025-11-09T08:37:33.088995Z,0.81,78,yes,bd8a54f5-0aa2-53b1-0313-c98382014670
KXKLEAGUEGAME-25NOV09ULSSFC-ULS,2025-11-09T08:37:33.088995Z,0.78,92,yes,a13157c2-afd1-55ce-2d69-cf3828a1550a
KXKLEAGUEGAME-25NOV09ULSSFC-ULS,2025-11-09T08:37:28.965964Z,0.8,12,yes,9b92e534-770a-5731-0091-3e527f001651
KXKLEAGUEGAME-25NOV09ULSSFC-ULS,2025-11-09T08:37:19.87252Z,0.84,70,yes,cfefe679-2694-645c-f2f4-94aa7497d5d2
KXKLEAGUEGAME-25NOV09ULSSFC-ULS,2025-11-09T08:37:00.789513Z,0.84,23,yes,cc7fc37a-7196-6ab9-f0ca-c5b98631106c
KXKLEAGUEGAME-25NOV09ULSSFC-ULS,2025-11-09T08:36:37.845414Z,0.83,3,yes,5543a038-8e34-4f6d-82a2-ed29672a1c1c
KXKLEAGUEGAME-25NOV09ULSSFC-ULS,2025-11-09T08:36:28.044676Z,0.81,40,yes,c07b7372-34fd-5947-74f2-2cb1b7c685e4
KXKLEAGUEGAME-25NOV09ULSSFC-ULS,2025-11-09T08:35:59.845519Z,0.76,30,yes,feaa91ec-74d8-7dcf-3bac-cc9b1950cabb
KXKLEAGUEGAME-25NOV09ULSSFC-ULS,2025-11-09T08:35:56.47708Z,0.75,49,yes,f9327c1b-83ac-4f39-9b12-ac8c1ba894ee
KXKLEAGUEGAME-25NOV09ULSSFC-ULS,2025-11-09T08:35:48.649Z,0.56,1,yes,835f16d0-fe18-79b1-bc10-bfdb03c5345f
KXKLEAGUEGAME-25NOV09ULSSFC-ULS,2025-11-09T08:35:48.649Z,0.65,29,yes,57e831bc-8ad1-7763-9563-67fb60af5f05
KXKLEAGUEGAME-25NOV09ULSSFC-ULS,2025-11-09T08:35:28.73192Z,0.42,77,yes,d892a009-8873-7a45-41eb-fc6eee38430c
KXKLEAGUEGAME-25NOV09ULSSFC-ULS,2025-11-09T08:35:28.73192Z,0.54,107,yes,1c11eab1-8719-7c73-6306-2252f2ba587e
KXKLEAGUEGAME-25NOV09ULSSFC-ULS,2025-11-09T08:35:28.73192Z,0.45,5,yes,0c51ae4d-d22f-7e65-6d46-61d584f8780f
KXKLEAGUEGAME-25NOV09ULSSFC-ULS,2025-11-09T08:35:24.774902Z,0.42,18,yes,b1b7c5f8-1c72-7b99-6eb3-1b65c68505c4
KXKLEAGUEGAME-25NOV09ULSSFC-ULS,2025-11-09T08:35:24.774902Z,0.42,2,yes,a090421a-5123-78cd-69ba-255c8e230948
KXKLEAGUEGAME-25NOV09ULSSFC-ULS,2025-11-09T08:35:18.512472Z,0.42,11,yes,f70a5d2b-4ab2-41b9-ce6f-e86374400330
KXKLEAGUEGAME-25NOV09ULSSFC-ULS,2025-11-09T08:34:56.912713Z,0.32,1,no,67116ff1-599f-5912-f0c9-0b5fccd7b7f0
KXKLEAGUEGAME-25NOV09ULSSFC-ULS,2025-11-09T08:34:32.870301Z,0.42,1,yes,77afb381-18d6-6599-aac4-4d52fa10ebd4
KXKLEAGUEGAME-25NOV09ULSSFC-ULS,2025-11-09T08:33:55.317019Z,0.27,18,no,3ad6d1a7-ecb1-5d5b-b68b-babf621f3068
KXKLEAGUEGAME-25NOV09ULSSFC-ULS,2025-11-09T08:33:55.317019Z,0.35,2,no,16082e58-4b12-5f52-ba4e-4a457cde6d1b
KXKLEAGUEGAME-25NOV09ULSSFC-ULS,2025-11-09T08:33:39.542906Z,0.35,3,no,96d4e66d-cc4e-4b56-2a30-f3c2a5d68b7f
KXKLEAGUEGAME-25NOV09ULSSFC-ULS,2025-11-09T08:33:08.050696Z,0.36,10,no,a500b559-f0d9-6672-4862-92129a665665
KXKLEAGUEGAME-25NOV09ULSSFC-ULS,2025-11-09T08:32:57.979845Z,0.37,31,no,a007dbbd-47dd-7e71-8326-2eed2a4c1d31
KXKLEAGUEGAME-25NOV09ULSSFC-ULS,2025-11-09T08:32:57.979845Z,0.37,19,no,62edf4e3-4188-798f-86ad-69d0b54069cd
KXKLEAGUEGAME-25NOV09ULSSFC-ULS,2025-11-09T08:32:30.216174Z,0.37,20,no,a5e5123f-f6d0-4093-0f99-beb67c6eb191
KXKLEAGUEGAME-25NOV09ULSSFC-ULS,2025-11-09T08:31:37.287498Z,0.43,40,yes,eb4b5b98-8555-6834-0c50-badb6df978e1
KXKLEAGUEGAME-25NOV09ULSSFC-ULS,2025-11-09T08:31:37.287498Z,0.43,21,yes,b038d522-a822-673f-14b9-bf0af2366064
KXKLEAGUEGAME-25NOV09ULSSFC-ULS,2025-11-09T08:31:37.287498Z,0.42,29,yes,19f6767d-c29c-6e30-3ed0-93cbfdd145c3
KXKLEAGUEGAME-25NOV09ULSSFC-ULS,2025-11-09T08:30:52.491234Z,0.42,4,yes,391a33ef-3b90-48bc-33a6-3e14b2c136d3
KXKLEAGUEGAME-25NOV09ULSSFC-ULS,2025-11-09T08:29:49.656934Z,0.42,4,yes,bbc15b98-acdc-5e84-3e99-1dd980531943
KXKLEAGUEGAME-25NOV09ULSSFC-ULS,2025-11-09T08:28:56.111816Z,0.43,1,yes,e4d81503-8835-6544-d103-582111ad5e11
KXKLEAGUEGAME-25NOV09ULSSFC-ULS,2025-11-09T08:28:14.272318Z,0.43,42,yes,881d7f0b-8a40-4e9a-fc52-70dbb0c6a3ce
KXKLEAGUEGAME-25NOV09ULSSFC-ULS,2025-11-09T08:28:14.272318Z,0.44,2,yes,4683bad9-c65d-470b-efbf-0f671eb0f162
KXKLEAGUEGAME-25NOV09ULSSFC-ULS,2025-11-09T08:28:04.891798Z,0.4,5,no,9d57a4e4-4ec2-466d-79bc-4788e320e306
KXKLEAGUEGAME-25NOV09ULSSFC-ULS,2025-11-09T08:28:04.891798Z,0.37,57,no,4b45d84a-1300-478f-6a93-8dcd16fc6b45
KXKLEAGUEGAME-25NOV09ULSSFC-ULS,2025-11-09T08:27:10.955613Z,0.47,48,yes,9854d796-1c61-79b3-7287-861261cb4e2f
KXKLEAGUEGAME-25NOV09ULSSFC-ULS,2025-11-09T08:27:10.955613Z,0.45,65,yes,8905c21a-7169-7d93-7f30-ee680114b40e
KXKLEAGUEGAME-25NOV09ULSSFC-ULS,2025-11-09T08:27:08.740071Z,0.37,1,no,105d2372-16ec-6d17-e584-d28e4f5e77cd
KXKLEAGUEGAME-25NOV09ULSSFC-ULS,2025-11-09T08:26:44.175205Z,0.37,3,no,7e06d48f-b170-556b-66d1-78c00f9be5a1
KXKLEAGUEGAME-25NOV09ULSSFC-ULS,2025-11-09T08:25:50.306495Z,0.4,13,no,e9133d73-f249-594a-7580-5c537f8d0d04
KXKLEAGUEGAME-25NOV09ULSSFC-ULS,2025-11-09T08:25:50.306495Z,0.37,3,no,b282c9d5-a0b5-5f1e-417b-1e536cd59ef5
KXKLEAGUEGAME-25NOV09ULSSFC-ULS,2025-11-09T08:25:50.29682Z,0.4,17,no,2d1ac24f-ad85-653e-c527-71ce094e6c04
KXKLEAGUEGAME-25NOV09ULSSFC-ULS,2025-11-09T08:24:57.971829Z,0.44,29,yes,f415b203-971c-6b11-f73e-18b9001dca9f
KXKLEAGUEGAME-25NOV09ULSSFC-ULS,2025-11-09T08:24:57.971829Z,0.43,29,yes,d14d3353-4227-6153-fdb1-49f96b4b095f
KXKLEAGUEGAME-25NOV09ULSSFC-ULS,2025-11-09T08:24:57.971829Z,0.45,29,yes,d1487b9e-f105-69f2-f6cf-00bd97178bce
KXKLEAGUEGAME-25NOV09ULSSFC-ULS,2025-11-09T08:24:57.971829Z,0.47,30,yes,6d4fcd53-6825-60a3-d764-3f9e371a9172
KXKLEAGUEGAME-25NOV09ULSSFC-ULS,2025-11-09T08:24:57.971829Z,0.49,108,yes,5c7d2821-bbee-65e7-ce93-a0d0b84af092
KXKLEAGUEGAME-25NOV09ULSSFC-ULS,2025-11-09T08:24:57.971829Z,0.48,19,yes,5110f293-7d83-6e74-d13a-a35a0de1a057
KXKLEAGUEGAME-25NOV09ULSSFC-ULS,2025-11-09T08:24:57.971829Z,0.47,44,yes,43690311-ddc8-6775-c145-ca9fa2db2e31
KXKLEAGUEGAME-25NOV09ULSSFC-ULS,2025-11-09T08:24:57.971829Z,0.46,20,yes,3fc57b9a-6ffe-6399-f88b-cc911322e93c
KXKLEAGUEGAME-25NOV09ULSSFC-ULS,2025-11-09T08:24:57.971829Z,0.49,19,yes,3f398c76-8e37-60d6-f626-ee1f15714644
KXKLEAGUEGAME-25NOV09ULSSFC-ULS,2025-11-09T08:24:57.971829Z,0.44,45,yes,0141318b-16d3-6c41-ca42-dc5424760d13
KXKLEAGUEGAME-25NOV09ULSSFC-ULS,2025-11-09T08:24:57.971829Z,0.49,138,yes,00aa67da-6747-62a8-d46e-65099e23a802
KXKLEAGUEGAME-25NOV09ULSSFC-ULS,2025-11-09T08:23:37.461719Z,0.44,29,yes,73e014c6-ac26-4014-8b7e-31e14a59a8f4
KXKLEAGUEGAME-25NOV09ULSSFC-ULS,2025-11-09T08:23:37.461719Z,0.46,24,yes,52dd95e5-1332-4ca5-a376-b1b399d070d8
KXKLEAGUEGAME-25NOV09ULSSFC-ULS,2025-11-09T08:23:05.52208Z,0.44,21,yes,da0eecbf-cd20-66a5-c5e3-3fbeeef12922
KXKLEAGUEGAME-25NOV09ULSSFC-ULS,2025-11-09T08:22:45.917685Z,0.46,5,yes,91d45026-9b12-5744-cfed-4a1b7d4e27be
KXKLEAGUEGAME-25NOV09ULSSFC-ULS,2025-11-09T08:22:45.917685Z,0.47,15,yes,3f7d2b58-6282-5272-c95d-259e54c00827
KXKLEAGUEGAME-25NOV09ULSSFC-ULS,2025-11-09T08:22:32.604541Z,0.46,20,yes,580be4b5-670e-673c-2fab-4a51f60ac236
KXKLEAGUEGAME-25NOV09ULSSFC-ULS,2025-11-09T08:22:25.960655Z,0.36,10,no,c65fa992-6589-76f2-2588-3adedafc9975
KXKLEAGUEGAME-25NOV09ULSSFC-ULS,2025-11-09T08:22:01.619332Z,0.46,11,yes,a86da94e-8c82-4448-a3ea-6515678756f6
KXKLEAGUEGAME-25NOV09ULSSFC-ULS,2025-11-09T08:21:52.08416Z,0.47,18,yes,cc22e732-a28e-4ab6-1c83-fb172672e753
KXKLEAGUEGAME-25NOV09ULSSFC-ULS,2025-11-09T08:21:52.08416Z,0.46,15,yes,274a2be3-d50f-4f45-3516-b1c1c1d98e3c
KXKLEAGUEGAME-25NOV09ULSSFC-ULS,2025-11-09T08:21:20.717969Z,0.36,8,no,9a479544-254d-6142-c4c3-d89e7df9ee11
KXKLEAGUEGAME-25NOV09ULSSFC-ULS,2025-11-09T08:21:20.717969Z,0.36,10,no,696fcc26-6a96-65c3-f68a-6fd6e1391a0f
KXKLEAGUEGAME-25NOV09ULSSFC-ULS,2025-11-09T08:21:20.717969Z,0.37,3,no,511adb20-1b98-6384-ea0d-3ea2e1e3dbba
KXKLEAGUEGAME-25NOV09ULSSFC-ULS,2025-11-09T08:21:14.087437Z,0.44,23,yes,6b9de1c4-7c8c-615b-2e62-3e3c72371843
KXKLEAGUEGAME-25NOV09ULSSFC-ULS,2025-11-09T08:21:14.087437Z,0.46,9,yes,126e8456-2007-6fe9-0541-3f9283ffe3c0
KXKLEAGUEGAME-25NOV09ULSSFC-ULS,2025-11-09T08:21:08.956968Z,0.37,21,no,f4cc89be-371c-562c-cdc1-3a625374c6de
KXKLEAGUEGAME-25NOV09ULSSFC-ULS,2025-11-09T08:18:36.210842Z,0.48,10,yes,db23bca8-021d-45aa-f290-36ba66c66c79
KXKLEAGUEGAME-25NOV09ULSSFC-ULS,2025-11-09T08:18:27.226128Z,0.52,46,yes,d8bf9ca9-f87b-4e5a-f2d4-310d8793d381
KXKLEAGUEGAME-25NOV09ULSSFC-ULS,2025-11-09T08:18:27.226128Z,0.53,47,yes,80147dc0-c4d0-4430-d8e1-a8e970a6bcb4
KXKLEAGUEGAME-25NOV09ULSSFC-ULS,2025-11-09T08:18:27.226128Z,0.51,46,yes,01d536ae-fd5e-4e09-d960-0323b907d850
KXKLEAGUEGAME-25NOV09ULSSFC-ULS,2025-11-09T08:18:08.642775Z,0.37,36,no,0ccb0107-f9e9-43bd-b8ba-319d9b288122
KXKLEAGUEGAME-25NOV09ULSSFC-ULS,2025-11-09T08:17:47.172675Z,0.37,42,no,23504120-abb9-6d21-602a-5de8ed57d612
KXKLEAGUEGAME-25NOV09ULSSFC-ULS,2025-11-09T08:17:47.172675Z,0.38,5,no,03bc7985-49a1-6b3f-73fa-4c78027576d8
KXKLEAGUEGAME-25NOV09ULSSFC-ULS,2025-11-09T08:17:40.38744Z,0.55,5,yes,18cc56eb-c53b-44f9-d055-09c38eb54473
KXKLEAGUEGAME-25NOV09ULSSFC-ULS,2025-11-09T08:16:34.425885Z,0.49,1,yes,872f6640-f44a-6cf6-4e2b-d0010b576075
KXKLEAGUEGAME-25NOV09ULSSFC-ULS,2025-11-09T08:16:28.463662Z,0.49,1,yes,198ed800-969a-440a-9ebd-58107e5884f9
KXKLEAGUEGAME-25NOV09ULSSFC-ULS,2025-11-09T08:15:56.025159Z,0.58,4,yes,b2703634-1db7-61a9-9539-86d7dbe242df
KXKLEAGUEGAME-25NOV09ULSSFC-ULS,2025-11-09T08:15:11.965005Z,0.5,19,yes,e3cb666a-87dd-4232-e588-4401dac5b4d2
KXKLEAGUEGAME-25NOV09ULSSFC-ULS,2025-11-09T08:14:55.368686Z,0.5,1,yes,01615639-2698-76ab-c8df-5a32c716ff85
KXKLEAGUEGAME-25NOV09ULSSFC-ULS,2025-11-09T08:13:25.579736Z,0.36,10,no,76b799bd-babe-7cf8-c03d-fad34e028e60
KXKLEAGUEGAME-25NOV09ULSSFC-ULS,2025-11-09T08:10:03.581769Z,0.5,11,yes,048574c7-8d1a-5b04-4eee-09fb55f5f5b2
KXKLEAGUEGAME-25NOV09ULSSFC-ULS,2025-11-09T08:09:41.810908Z,0.48,43,yes,1d4403f8-a22f-4daa-472a-fd4018aac6b4
KXKLEAGUEGAME-25NOV09ULSSFC-ULS,2025-11-09T08:08:51.95483Z,0.48,59,yes,df23e3f9-b5f9-4007-51a5-470f9b3ef99f
KXKLEAGUEGAME-25NOV09ULSSFC-ULS,2025-11-09T08:08:51.95483Z,0.54,157,yes,d7f3ba25-a83a-4921-6246-c848465433f2
KXKLEAGUEGAME-25NOV09ULSSFC-ULS,2025-11-09T08:08:51.95483Z,0.54,105,yes,b7aea283-5b27-4cd0-6e3c-87a305915d2c
KXKLEAGUEGAME-25NOV09ULSSFC-ULS,2025-11-09T08:08:51.95483Z,0.5,59,yes,97e9d502-3408-47ea-6e22-a585dcb3481d
KXKLEAGUEGAME-25NOV09ULSSFC-ULS,2025-11-09T08:08:51.95483Z,0.54,157,yes,953d07e3-ba4a-435f-739a-9cfa25344da0
KXKLEAGUEGAME-25NOV09ULSSFC-ULS,2025-11-09T08:08:51.95483Z,0.54,157,yes,89677801-7587-4bda-73e5-5f367ffc1eb3
KXKLEAGUEGAME-25NOV09ULSSFC-ULS,2025-11-09T08:08:51.95483Z,0.53,50,yes,8609e088-94ec-4efd-74f8-66232cb437bb
KXKLEAGUEGAME-25NOV09ULSSFC-ULS,2025-11-09T08:08:51.95483Z,0.53,109,yes,7bcd2dcb-cc35-4e4a-41a1-daa2e4e5cd0c
KXKLEAGUEGAME-25NOV09ULSSFC-ULS,2025-11-09T08:08:51.95483Z,0.55,85,yes,7b87a8e4-6cf2-4fb7-4369-f0f29b2dcf9a
KXKLEAGUEGAME-25NOV09ULSSFC-ULS,2025-11-09T08:08:51.95483Z,0.54,157,yes,1b283e39-d712-47cc-7a85-5061e9ec3349
KXKLEAGUEGAME-25NOV09ULSSFC-ULS,2025-11-09T08:08:51.95483Z,0.52,97,yes,09a16d83-5d19-4570-5b05-21981886b758
KXKLEAGUEGAME-25NOV09ULSSFC-ULS,2025-11-09T08:08:46.1848Z,0.52,17,yes,de4ab8ca-2aed-5be0-c531-5f62e918e7c0
KXKLEAGUEGAME-25NOV09ULSSFC-ULS,2025-11-09T08:08:46.1848Z,0.51,1,yes,3be2e559-1904-5b09-cdf7-b7fa27b6551e
KXKLEAGUEGAME-25NOV09ULSSFC-ULS,2025-11-09T08:07:58.143854Z,0.49,9,yes,629addba-98a6-4726-3b4f-30b4a12a7b7a
KXKLEAGUEGAME-25NOV09ULSSFC-ULS,2025-11-09T08:07:41.660225Z,0.55,1,yes,cb518180-cd48-4462-b23e-cb54e09bf5a1
KXKLEAGUEGAME-25NOV09ULSSFC-ULS,2025-11-09T08:07:24.86738Z,0.6,11,yes,fd6b402c-e960-53e2-e630-8726927345f2
KXKLEAGUEGAME-25NOV09ULSSFC-ULS,2025-11-09T08:07:24.86738Z,0.55,1,yes,b1f3768a-11f6-5871-fead-5a9733dc3e87
KXKLEAGUEGAME-25NOV09ULSSFC-ULS,2025-11-09T08:07:24.86738Z,0.6,1,yes,a5b5e6d7-9043-50bc-d402-e2c0951ff468
KXKLEAGUEGAME-25NOV09ULSSFC-ULS,2025-11-09T08:07:06.593277Z,0.51,3,yes,acd0c697-8bb5-7748-182f-0ea9d261b089
KXKLEAGUEGAME-25NOV09ULSSFC-ULS,2025-11-09T08:07:06.593277Z,0.56,42,yes,27e6a122-b0d3-7563-011c-976d0eef2906
KXKLEAGUEGAME-25NOV09ULSSFC-ULS,2025-11-09T08:07:03.253739Z,0.44,5,no,52057a43-8eff-7f53-7876-61f2409204af
KXKLEAGUEGAME-25NOV09ULSSFC-ULS,2025-11-09T08:06:28.306114Z,0.55,10,yes,3dbd798c-7904-4f26-225d-52ba89bcc8ad
KXKLEAGUEGAME-25NOV09ULSSFC-ULS,2025-11-09T08:05:56.988326Z,0.5,3,yes,dc173e0e-c96e-4fba-f8f1-31611d6b9e72
KXKLEAGUEGAME-25NOV09ULSSFC-ULS,2025-11-09T08:04:57.996883Z,0.5,2,yes,efbfca86-0705-64b3-0208-342f02c92856
KXKLEAGUEGAME-25NOV09ULSSFC-ULS,2025-11-09T08:04:57.996883Z,0.53,20,yes,e0321025-95e9-6f44-2cd3-abe5d090fb5f
KXKLEAGUEGAME-25NOV09ULSSFC-ULS,2025-11-09T08:04:57.996883Z,0.55,157,yes,c6142659-0589-6508-0012-028e36af51d5
KXKLEAGUEGAME-25NOV09ULSSFC-ULS,2025-11-09T08:04:57.996883Z,0.55,85,yes,7ee5a3c3-fc91-6997-0f59-e302c5aa40e8
KXKLEAGUEGAME-25NOV09ULSSFC-ULS,2025-11-09T08:04:57.996883Z,0.53,31,yes,752450a0-f96e-6673-26d8-564cb9019512
KXKLEAGUEGAME-25NOV09ULSSFC-ULS,2025-11-09T08:04:57.996883Z,0.52,31,yes,71285e5c-1bda-6d13-3896-d6e5cf6314bf
KXKLEAGUEGAME-25NOV09ULSSFC-ULS,2025-11-09T08:04:57.996883Z,0.54,30,yes,565788b7-c431-6de7-0cc7-c50af346ad66
KXKLEAGUEGAME-25NOV09ULSSFC-ULS,2025-11-09T08:04:57.996883Z,0.55,157,yes,1dc3ca8f-2aaa-6adc-1c94-a07fc4c14e0f
KXKLEAGUEGAME-25NOV09ULSSFC-ULS,2025-11-09T08:04:18.574289Z,0.49,68,yes,74ad053b-735c-6e16-0294-789a92de6f95
KXKLEAGUEGAME-25NOV09ULSSFC-ULS,2025-11-09T08:03:31.206014Z,0.44,5,no,7bcd8471-0ec3-4dd9-4b96-119021b20f1b
KXKLEAGUEGAME-25NOV09ULSSFC-ULS,2025-11-09T08:03:16.097078Z,0.45,5,no,b1f6b40b-2d27-6bb2-2809-4f7acb53d91a
KXKLEAGUEGAME-25NOV09ULSSFC-ULS,2025-11-09T08:01:20.840695Z,0.45,35,no,cd5672d8-1e81-4995-5810-85a22386870e
KXKLEAGUEGAME-25NOV09ULSSFC-ULS,2025-11-09T08:01:20.800904Z,0.45,15,no,c6648159-29e1-7995-253c-63cfc417abea
KXKLEAGUEGAME-25NOV09ULSSFC-ULS,2025-11-09T08:01:20.800904Z,0.45,1,no,5861ab09-a344-7bb1-2503-025a84731a2f
KXKLEAGUEGAME-25NOV09ULSSFC-ULS,2025-11-09T08:01:19.181013Z,0.46,5,no,38014a29-4aa5-7c19-9668-7ca90b45226e
KXKLEAGUEGAME-25NOV09ULSSFC-ULS,2025-11-09T08:01:19.178186Z,0.46,5,no,33a9ee74-855d-4881-d012-abd855e94d7a
KXKLEAGUEGAME-25NOV09ULSSFC-ULS,2025-11-09T08:00:14.601556Z,0.45,9,no,063f7fd6-144c-6401-66d6-728d46b8e243
KXKLEAGUEGAME-25NOV09ULSSFC-ULS,2025-11-09T08:00:00.483567Z,0.54,1,yes,2cc476cb-b32d-5dc1-6bec-c59553bfc4dc
KXKLEAGUEGAME-25NOV09ULSSFC-ULS,2025-11-09T07:58:48.397658Z,0.53,1,yes,8ee6870c-b7be-5bb9-60b4-ebf5428ab20b
KXKLEAGUEGAME-25NOV09ULSSFC-ULS,2025-11-09T07:58:34.049696Z,0.59,16,yes,bca39626-4f17-6b63-59cd-31acd3b8493d
KXKLEAGUEGAME-25NOV09ULSSFC-ULS,2025-11-09T07:57:07.970042Z,0.46,104,yes,cbbcc519-6dfc-7755-ac91-a58f50e99200
KXKLEAGUEGAME-25NOV09ULSSFC-ULS,2025-11-09T07:56:09.028036Z,0.48,10,yes,ff257c42-27c0-54f3-c1b0-2eace09ae140
KXKLEAGUEGAME-25NOV09ULSSFC-ULS,2025-11-09T07:55:58.384227Z,0.48,30,yes,e0e1c8ef-8998-710f-5d43-a39d70fb080c
KXKLEAGUEGAME-25NOV09ULSSFC-ULS,2025-11-09T07:55:49.324936Z,0.48,10,yes,f8f62fe6-c490-7a53-f858-ba3211c0fb60
KXKLEAGUEGAME-25NOV09ULSSFC-ULS,2025-11-09T07:54:42.100205Z,0.47,2,no,89888fd8-6288-57c5-8573-f33d99875332
KXKLEAGUEGAME-25NOV09ULSSFC-ULS,2025-11-09T07:54:29.020913Z,0.49,9,yes,8d2fe04c-19c1-58c3-e58d-3507d03c1eed
KXKLEAGUEGAME-25NOV09ULSSFC-ULS,2025-11-09T07:54:22.104919Z,0.46,2,no,fd4328ec-483d-7f4a-0967-473a8ad0909f
KXKLEAGUEGAME-25NOV09ULSSFC-ULS,2025-11-09T07:52:20.029453Z,0.44,21,yes,d869d9a8-009f-4bdb-eabd-dcfdc0e9c016
KXKLEAGUEGAME-25NOV09ULSSFC-ULS,2025-11-09T07:50:23.210096Z,0.43,26,no,f2f80d80-6011-4e5d-2777-0ef7095095e2
KXKLEAGUEGAME-25NOV09ULSSFC-ULS,2025-11-09T07:50:08.290158Z,0.43,5,no,bf5d44b2-89f9-5b09-5372-a88b90b37616
KXKLEAGUEGAME-25NOV09ULSSFC-ULS,2025-11-09T07:49:38.256026Z,0.43,5,no,9e4e0a32-3e41-4e21-5fda-fb6891241212
KXKLEAGUEGAME-25NOV09ULSSFC-ULS,2025-11-09T07:49:29.13025Z,0.45,10,yes,29220d2e-38c4-58a2-3bcd-f7e1f5897ada
KXKLEAGUEGAME-25NOV09ULSSFC-ULS,2025-11-09T07:49:29.100621Z,0.43,5,no,ce782e97-2f39-6399-9c9b-52e318a05e4e
KXKLEAGUEGAME-25NOV09ULSSFC-ULS,2025-11-09T07:49:28.117744Z,0.43,5,no,0080e3c5-aa29-7291-e92c-b67b9df8c936
KXKLEAGUEGAME-25NOV09ULSSFC-ULS,2025-11-09T07:49:25.261346Z,0.43,5,no,e72dab8b-e061-7ba5-3c49-8709d944096e
KXKLEAGUEGAME-25NOV09ULSSFC-ULS,2025-11-09T07:49:16.258762Z,0.43,5,no,cb917062-338e-7d5f-fa87-fee4f30d8414
KXKLEAGUEGAME-25NOV09ULSSFC-ULS,2025-11-09T07:49:13.263632Z,0.43,5,no,13085f92-0dd2-74db-efd3-308ab0dd4bf4
KXKLEAGUEGAME-25NOV09ULSSFC-ULS,2025-11-09T07:49:12.529073Z,0.45,54,yes,f0834852-08cc-7f0e-d710-ff87092e7966
KXKLEAGUEGAME-25NOV09ULSSFC-ULS,2025-11-09T07:48:54.249596Z,0.43,5,no,ccc224ea-4fce-4637-5a09-ddb0bc6ca3f8
KXKLEAGUEGAME-25NOV09ULSSFC-ULS,2025-11-09T07:48:07.265129Z,0.44,5,no,c9cd2a8b-524d-5375-2cda-025f6bdb0b1a
KXKLEAGUEGAME-25NOV09ULSSFC-ULS,2025-11-09T07:47:57.259452Z,0.44,2,no,afc45267-dc59-6056-3f98-2624b8d4d7cc
KXKLEAGUEGAME-25NOV09ULSSFC-ULS,2025-11-09T07:47:57.259452Z,0.44,3,no,91d30790-a8e9-6db7-2403-bc90fbb2cea4
KXKLEAGUEGAME-25NOV09ULSSFC-ULS,2025-11-09T07:47:42.109286Z,0.44,3,no,76ea3685-30b4-58c3-8559-5424c0654b39
KXKLEAGUEGAME-25NOV09ULSSFC-ULS,2025-11-09T07:47:42.109286Z,0.44,2,no,201feeb7-5ef1-53cf-9161-b67c1a726e24
KXKLEAGUEGAME-25NOV09ULSSFC-ULS,2025-11-09T07:47:27.271091Z,0.44,3,no,cc13ab47-296e-490f-b40a-b720cec25eef
KXKLEAGUEGAME-25NOV09ULSSFC-ULS,2025-11-09T07:47:27.271091Z,0.44,2,no,5fbaa64a-9aa4-414b-ac97-50476f3a0f51
KXKLEAGUEGAME-25NOV09ULSSFC-ULS,2025-11-09T07:47:12.328522Z,0.47,12,yes,dce28644-2bdd-75e3-a26c-4fa823922108
KXKLEAGUEGAME-25NOV09ULSSFC-ULS,2025-11-09T07:47:12.085147Z,0.47,102,yes,6a687308-704d-7b9f-36e8-395fe75d8cec
KXKLEAGUEGAME-25NOV09ULSSFC-ULS,2025-11-09T07:47:02.143345Z,0.44,5,no,1dc46d95-c9ca-6dc7-a188-43b7398fd963
KXKLEAGUEGAME-25NOV09ULSSFC-ULS,2025-11-09T07:46:51.280148Z,0.44,5,no,390a62ba-9acd-7ccb-9617-586d0d3497e4
KXKLEAGUEGAME-25NOV09ULSSFC-ULS,2025-11-09T07:46:49.311191Z,0.44,5,no,a614ecdc-39b9-638f-9d32-312cf84ee7bc
KXKLEAGUEGAME-25NOV09ULSSFC-ULS,2025-11-09T07:46:49.172038Z,0.44,5,no,ac6f9c2d-59bd-4bb3-824f-c90f6ed8bec4
KXKLEAGUEGAME-25NOV09ULSSFC-ULS,2025-11-09T07:46:27.107446Z,0.44,5,no,ef91fd0d-20b9-46a3-316c-8e527e559c14
KXKLEAGUEGAME-25NOV09ULSSFC-ULS,2025-11-09T07:46:24.17486Z,0.47,67,yes,3e424930-bd4d-7e43-1b88-9da3fcdeb070
KXKLEAGUEGAME-25NOV09ULSSFC-ULS,2025-11-09T07:46:17.512659Z,0.47,42,yes,3a1d042a-7969-7eaf-4c1f-ba32c7acf228
KXKLEAGUEGAME-25NOV09ULSSFC-ULS,2025-11-09T07:46:07.26232Z,0.44,5,no,c4aafcd9-acc5-62ff-d243-207aa506898c
KXKLEAGUEGAME-25NOV09ULSSFC-ULS,2025-11-09T07:46:07.108764Z,0.44,5,no,548e3cdd-e53d-551f-b314-788c41f98998
KXKLEAGUEGAME-25NOV09ULSSFC-ULS,2025-11-09T07:45:56.099727Z,0.44,5,no,8c65a8b1-df3d-47ab-c3bf-30d6bc1db26c
KXKLEAGUEGAME-25NOV09ULSSFC-ULS,2025-11-09T07:45:40.104882Z,0.44,5,no,fb9ffd31-d529-45c7-16c7-4fb6c3a2a1e4
KXKLEAGUEGAME-25NOV09ULSSFC-ULS,2025-11-09T07:45:35.533709Z,0.47,41,yes,b1414cd0-55fd-41fb-4a17-31bb0ea960b4
KXKLEAGUEGAME-25NOV09ULSSFC-ULS,2025-11-09T07:45:31.290038Z,0.44,5,no,86e72fb9-3985-73d7-c1fb-d827133bb7b0
KXKLEAGUEGAME-25NOV09ULSSFC-ULS,2025-11-09T07:45:28.392751Z,0.44,8,no,a29dab30-2a4d-6b53-5034-ce819f99f4bc
KXKLEAGUEGAME-25NOV09ULSSFC-ULS,2025-11-09T07:45:25.106381Z,0.47,41,yes,d40fb772-9441-4573-bd34-f16686fabf28
KXKLEAGUEGAME-25NOV09ULSSFC-ULS,2025-11-09T07:44:42.563726Z,0.47,36,yes,e9818d7a-87a1-521f-8877-053c5dcf8574
KXKLEAGUEGAME-25NOV09ULSSFC-ULS,2025-11-09T07:44:39.359423Z,0.47,20,yes,114e194c-1991-457b-da2b-2c9b10d9fb34
KXKLEAGUEGAME-25NOV09ULSSFC-ULS,2025-11-09T07:44:13.108654Z,0.45,5,no,ccc3a0b5-9fca-6b26-18b1-9eee8b482faf
KXKLEAGUEGAME-25NOV09ULSSFC-ULS,2025-11-09T07:44:11.13982Z,0.45,5,no,1eb5c299-8bb6-736e-8552-2f23e788e413
KXKLEAGUEGAME-25NOV09ULSSFC-ULS,2025-11-09T07:44:09.099795Z,0.45,5,no,29ad7fc8-7c9e-7f6e-ad56-3460f5d38777
KXKLEAGUEGAME-25NOV09ULSSFC-ULS,2025-11-09T07:43:45.867302Z,0.47,26,yes,8296fbd4-0763-5639-1eb1-444f2c16f4ac
KXKLEAGUEGAME-25NOV09ULSSFC-ULS,2025-11-09T07:43:29.270699Z,0.44,5,no,4499721a-63f3-51ad-63ee-79ad1ba8d8df
KXKLEAGUEGAME-25NOV09ULSSFC-ULS,2025-11-09T07:43:22.213129Z,0.47,62,yes,e52d3c58-1283-74c5-14dd-ccfce61b37d8
KXKLEAGUEGAME-25NOV09ULSSFC-ULS,2025-11-09T07:43:21.105475Z,0.45,5,no,d1675113-8d1e-4327-e8bf-614ddd5a7f98
KXKLEAGUEGAME-25NOV09ULSSFC-ULS,2025-11-09T07:43:17.098686Z,0.45,5,no,9743a701-8732-7a1f-52b2-8a581bbbe50c
KXKLEAGUEGAME-25NOV09ULSSFC-ULS,2025-11-09T07:42:53.262937Z,0.45,5,no,df8263fe-23d2-75fb-4745-6e8d2103ca68
KXKLEAGUEGAME-25NOV09ULSSFC-ULS,2025-11-09T07:42:52.1015Z,0.45,5,no,22efd7f2-973e-5667-216a-476ec0dfd650
KXKLEAGUEGAME-25NOV09ULSSFC-ULS,2025-11-09T07:42:51.309709Z,0.45,5,no,9324de33-471e-7d13-e0a4-472b8bfa42fc
KXKLEAGUEGAME-25NOV09ULSSFC-ULS,2025-11-09T07:42:43.267117Z,0.45,5,no,8227ac5c-ae2e-7c83-499d-33626ed006cc
KXKLEAGUEGAME-25NOV09ULSSFC-ULS,2025-11-09T07:42:21.101815Z,0.45,5,no,012f2bc6-c67e-519f-da85-de84cd1613a0
KXKLEAGUEGAME-25NOV09ULSSFC-ULS,2025-11-09T07:42:08.130893Z,0.45,5,no,02d506f8-aa46-4a03-7707-02ef4d2971a8
KXKLEAGUEGAME-25NOV09ULSSFC-ULS,2025-11-09T07:42:06.102511Z,0.45,5,no,59cbf547-80ea-4cdb-01d2-ec920f551db8
KXKLEAGUEGAME-25NOV09ULSSFC-ULS,2025-11-09T07:41:53.268343Z,0.46,5,no,f844916b-e0b6-5f23-f928-6d694ae0395f
KXKLEAGUEGAME-25NOV09ULSSFC-ULS,2025-11-09T07:41:53.099267Z,0.46,5,no,583f94ff-f9d2-4ae3-176a-a245d5e662fb
KXKLEAGUEGAME-25NOV09ULSSFC-ULS,2025-11-09T07:41:52.267764Z,0.46,5,no,2bee4843-bbe6-7467-17c1-70ad44e74187
KXKLEAGUEGAME-25NOV09ULSSFC-ULS,2025-11-09T07:41:47.450147Z,0.48,24,yes,876e0de8-5177-4c6a-ef16-78f5858060cb
KXKLEAGUEGAME-25NOV09ULSSFC-ULS,2025-11-09T07:40:47.128703Z,0.48,20,yes,8a7691b6-354b-6b42-fe30-a36a35e40bc3
KXKLEAGUEGAME-25NOV09ULSSFC-ULS,2025-11-09T07:40:14.381217Z,0.48,40,yes,2f3e51b0-8356-726c-fb1c-3507c7881dd1
KXKLEAGUEGAME-25NOV09ULSSFC-ULS,2025-11-09T07:38:27.329254Z,0.47,195,yes,65803190-6458-5c2f-7c4f-ccefe30d2732
KXKLEAGUEGAME-25NOV09ULSSFC-ULS,2025-11-09T07:37:12.966249Z,0.47,7,yes,bae37617-6e6d-4193-4c36-333bb5a28424
KXKLEAGUEGAME-25NOV09ULSSFC-ULS,2025-11-09T07:36:58.470207Z,0.47,6,yes,31251e36-68e1-45ef-1c56-9f14cba02048
KXKLEAGUEGAME-25NOV09ULSSFC-ULS,2025-11-09T07:36:22.471557Z,0.47,20,yes,d0531959-e439-4d47-a05d-86dfe5870644
KXKLEAGUEGAME-25NOV09ULSSFC-ULS,2025-11-09T07:35:26.780673Z,0.47,92,yes,bcff3791-3f45-5a13-a072-1b1f1736bb84
KXKLEAGUEGAME-25NOV09ULSSFC-ULS,2025-11-09T07:33:50.111671Z,0.47,6,no,8175b598-7e4d-47ec-5922-5b6b458c2d88
KXKLEAGUEGAME-25NOV09ULSSFC-ULS,2025-11-09T07:33:39.699604Z,0.48,40,yes,5b1ef334-a63e-4127-bd41-4ac770d139de
KXKLEAGUEGAME-25NOV09ULSSFC-ULS,2025-11-09T07:33:17.452208Z,0.48,10,yes,d450b19c-6fae-411f-aaeb-37045a841ae6
KXKLEAGUEGAME-25NOV09ULSSFC-ULS,2025-11-09T07:33:13.116147Z,0.47,4,no,fb99b73c-b52d-7648-3e1e-8d8f7f50c03c
KXKLEAGUEGAME-25NOV09ULSSFC-ULS,2025-11-09T07:33:01.358387Z,0.48,30,yes,b4aa8d11-ed2a-63af-f4ef-2e924e3d7f9e
KXKLEAGUEGAME-25NOV09ULSSFC-ULS,2025-11-09T07:32:06.651621Z,0.48,20,yes,b4431d26-2c56-6eaf-1d45-6ffb08d34c1a
KXKLEAGUEGAME-25NOV09ULSSFC-ULS,2025-11-09T07:29:39.819481Z,0.49,19,yes,d3400720-2489-7ced-4501-33c901c9bc6d
KXKLEAGUEGAME-25NOV09ULSSFC-ULS,2025-11-09T07:23:21.694682Z,0.49,39,yes,ce33fc36-e834-4938-370f-b49210c7d654
KXKLEAGUEGAME-25NOV09ULSSFC-ULS,2025-11-09T07:20:49.583334Z,0.49,39,yes,7f7f6484-cdb4-4440-de15-8ed5dbee53e4
KXKLEAGUEGAME-25NOV09ULSSFC-ULS,2025-11-09T07:20:32.08821Z,0.49,985,yes,4be2f7c1-0114-5784-e71f-9e7b45cfffc0
KXKLEAGUEGAME-25NOV09ULSSFC-ULS,2025-11-09T07:17:52.469256Z,0.49,8,yes,ee92c8f1-38f4-6749-9a3e-8f8074072d3b
KXKLEAGUEGAME-25NOV09ULSSFC-ULS,2025-11-09T07:12:53.8732Z,0.49,23,yes,a52e6c90-78c3-4540-4042-bee109c5f57b
KXKLEAGUEGAME-25NOV09ULSSFC-ULS,2025-11-09T07:10:28.261456Z,0.49,2,yes,6a47209c-3c7a-74e1-b4ca-d10df6bcbdad
KXKLEAGUEGAME-25NOV09ULSSFC-ULS,2025-11-09T07:04:06.821438Z,0.49,39,yes,eb67debb-bcf0-66da-b770-8bb51a81f0a8
KXKLEAGUEGAME-25NOV09ULSSFC-ULS,2025-11-09T07:03:53.208677Z,0.49,3,yes,85689bc1-3fac-62e2-2a9b-931f2395255c
KXKLEAGUEGAME-25NOV09ULSSFC-ULS,2025-11-09T07:03:06.655254Z,0.49,985,yes,24341597-5aa4-47c2-e498-a3202aa5aee0
KXKLEAGUEGAME-25NOV09ULSSFC-ULS,2025-11-09T07:00:32.389746Z,0.49,5,yes,97b358f4-f027-71a8-97d2-2ae83e48009f
KXKLEAGUEGAME-25NOV09ULSSFC-ULS,2025-11-09T06:59:37.365937Z,0.49,9,yes,d7e3e814-333f-4e94-94be-da53e46f797e
KXKLEAGUEGAME-25NOV09ULSSFC-ULS,2025-11-09T06:58:16.229375Z,0.49,39,yes,62d6c791-9523-439c-372b-992213691c4a
KXKLEAGUEGAME-25NOV09ULSSFC-ULS,2025-11-09T06:57:51.981084Z,0.49,19,yes,380188da-99df-66d0-de77-fe4d33b364f2
KXKLEAGUEGAME-25NOV09ULSSFC-ULS,2025-11-09T06:54:54.574572Z,0.49,39,yes,d2bdb0b4-e2b2-535b-6b7f-28c4b5e50a92
KXKLEAGUEGAME-25NOV09ULSSFC-ULS,2025-11-09T06:44:45.648794Z,0.48,20,yes,148cd7b7-af22-7000-71a4-9e087f96286e
KXKLEAGUEGAME-25NOV09ULSSFC-ULS,2025-11-09T06:26:37.793074Z,0.48,635,yes,69b7b7ef-41ac-477e-5d32-9301036e0410
KXKLEAGUEGAME-25NOV09ULSSFC-ULS,2025-11-09T06:26:37.793074Z,0.49,96,yes,2ac5848f-c415-4343-7a69-c223fda5290f
KXKLEAGUEGAME-25NOV09ULSSFC-ULS,2025-11-09T06:21:21.388271Z,0.51,18,yes,851a5f0a-3ed0-4e68-5dbc-3e602fccee79
KXKLEAGUEGAME-25NOV09ULSSFC-ULS,2025-11-09T06:16:00.091612Z,0.51,28,yes,3db1df59-c188-4300-2647-ac4c26a2d49d
KXKLEAGUEGAME-25NOV09ULSSFC-ULS,2025-11-09T06:05:05.781834Z,0.51,15,yes,66769e1c-2dc3-63f8-ee91-594aa29fb46e
KXKLEAGUEGAME-25NOV09ULSSFC-ULS,2025-11-09T05:47:10.273153Z,0.5,15,yes,d66dc386-e671-5fe5-e66b-1ae66538ec9a
KXKLEAGUEGAME-25NOV09ULSSFC-ULS,2025-11-09T05:47:10.273153Z,0.51,35,yes,d1a70f25-a460-5dbc-edad-ddf6bee025ec
KXKLEAGUEGAME-25NOV09ULSSFC-ULS,2025-11-09T05:39:19.899007Z,0.51,44,yes,e1fe3186-9378-4664-6314-15acce5b8b54
KXKLEAGUEGAME-25NOV09ULSSFC-ULS,2025-11-09T05:39:19.899007Z,0.5,50,yes,42748176-cb9b-45f3-4f8f-e5b48ba0996c
KXKLEAGUEGAME-25NOV09ULSSFC-ULS,2025-11-09T05:28:23.439604Z,0.51,18,yes,b6cdec48-b1b9-6f33-dbe7-6a2f12f57076
KXKLEAGUEGAME-25NOV09ULSSFC-ULS,2025-11-09T04:25:22.159213Z,0.51,473,yes,e8e12445-c324-6827-c5fa-c9793c7b6597
KXKLEAGUEGAME-25NOV09ULSSFC-ULS,2025-11-09T04:19:13.677709Z,0.51,1,yes,fece5ca7-408c-4197-e70c-3e408952b78f
KXKLEAGUEGAME-25NOV09ULSSFC-ULS,2025-11-09T03:00:08.232099Z,0.52,1,yes,a7b801e9-ef0c-4973-be97-e9b98e8c20c3
KXKLEAGUEGAME-25NOV09ULSSFC-ULS,2025-11-09T03:00:03.917966Z,0.52,3,yes,6bb1cec7-d180-4107-5fa9-2daff3e0a02f
KXKLEAGUEGAME-25NOV09ULSSFC-ULS,2025-11-08T20:45:30.934045Z,0.48,1,yes,8ed6e97e-32de-4ae4-b677-61b1e2d7335f
KXKLEAGUEGAME-25NOV09ULSSFC-ULS,2025-11-08T18:51:37.188495Z,0.49,1,yes,7eb5f86e-6a35-6936-5c24-bb09e07bd5ea
KXKLEAGUEGAME-25NOV09ULSSFC-ULS,2025-11-08T15:16:57.210115Z,0.49,7,yes,84a4fad6-8931-4632-b4cf-831743e34c8e
