ticker,created_time,price,count,taker_side,trade_id
KXKLEAGUEGAME-25NOV08JEJANY-ANY,2025-11-08T07:03:15.282003Z,0.99,194,no,778eab8b-385d-6174-c4fb-2b1dabc3dc73
KXKLEAGUEGAME-25NOV08JEJANY-ANY,2025-11-08T07:03:15.282003Z,0.99,676,no,478303da-c1bf-617b-fb77-a212aba69c7e
KXKLEAGUEGAME-25NOV08JEJANY-ANY,2025-11-08T07:03:03.749575Z,0.99,4,no,44a14d17-46e3-7d9f-cf77-4721ff497b36
KXKLEAGUEGAME-25NOV08JEJANY-ANY,2025-11-08T06:59:33.734758Z,0.92,117,no,ebf3d7c3-44de-6d70-b164-4e7c2aa7c2d5
KXKLEAGUEGAME-25NOV08JEJANY-ANY,2025-11-08T06:54:14.677574Z,0.98,13,no,3c4e5919-c73b-6fca-b290-865bee2669a1
KXKLEAGUEGAME-25NOV08JEJANY-ANY,2025-11-08T06:53:42.003872Z,0.99,63,no,90ee5c64-65eb-5b85-12f6-4a5a650d0ce1
KXKLEAGUEGAME-25NOV08JEJANY-ANY,2025-11-08T06:47:42.113212Z,0.97,75,no,e711967f-8076-6eef-9206-da14aaa43c6f
KXKLEAGUEGAME-25NOV08JEJANY-ANY,2025-11-08T06:47:42.113212Z,0.99,14,no,912dc1fa-2db1-6b3e-8f65-28b9a1135142
KXKLEAGUEGAME-25NOV08JEJANY-ANY,2025-11-08T06:46:30.996253Z,0.99,52,no,6c611353-08b1-5b5e-791a-93900ee07c4e
KXKLEAGUEGAME-25NOV08JEJANY-ANY,2025-11-08T06:43:38.603892Z,0.98,289,no,1feffab8-4fb4-711a-87af-a878ceb7480e
KXKLEAGUEGAME-25NOV08JEJANY-ANY,2025-11-08T06:42:57.602934Z,0.98,24,no,df7b8ad9-461c-6082-be94-b57a8aabd6da
KXKLEAGUEGAME-25NOV08JEJANY-ANY,2025-11-08T06:42:20.254583Z,0.98,1,no,c9044179-0ed4-57be-de7a-a94cac4792e2
KXKLEAGUEGAME-25NOV08JEJANY-ANY,2025-11-08T06:41:39.13621Z,0.98,142,no,2a7def10-c640-42e6-19a4-9615079065f2
KXKLEAGUEGAME-25NOV08JEJANY-ANY,2025-11-08T06:40:34.912084Z,0.98,19,no,97da64e7-8dc6-4c23-58aa-d49fafdc8987
KXKLEAGUEGAME-25NOV08JEJANY-ANY,2025-11-08T06:39:45.254965Z,0.97,51,no,7c2c928e-bc22-7d7b-6a24-8b2afdd37ca3
KXKLEAGUEGAME-25NOV08JEJANY-ANY,2025-11-08T06:37:46.464855Z,0.97,2,no,3783e4ff-b562-4103-cb0c-8ce6f75816d7
KXKLEAGUEGAME-25NOV08JEJANY-ANY,2025-11-08T06:37:01.350677Z,0.95,68,no,a867f425-7192-54ab-909c-44e3ad7e126f
KXKLEAGUEGAME-25NOV08JEJANY-ANY,2025-11-08T06:36:26.621177Z,0.95,40,no,44ff4022-f2d2-747f-1f70-5beafad62557
KXKLEAGUEGAME-25NOV08JEJANY-ANY,2025-11-08T06:31:56.983224Z,0.99,35,yes,ae5d6874-2145-4c77-4fcf-ba36a8209f5f
KXKLEAGUEGAME-25NOV08JEJANY-ANY,2025-11-08T06:31:56.983224Z,0.99,691,yes,9bb194e6-76c5-44a9-5916-8f263bddf215
KXKLEAGUEGAME-25NOV08JEJANY-ANY,2025-11-08T06:31:49.43285Z,0.99,221,yes,867551df-3129-52fd-8c09-04f879e4d421
KXKLEAGUEGAME-25NOV08JEJANY-ANY,2025-11-08T06:31:49.43285Z,0.99,788,yes,821c3623-de5b-59e9-8e6d-8c1f8fb70874
KXKLEAGUEGAME-25NOV08JEJANY-ANY,2025-11-08T06:31:34.886869Z,0.99,151,yes,e2a9eb98-a86f-7f1d-eeb0-264f4bda8448
KXKLEAGUEGAME-25NOV08JEJANY-ANY,2025-11-08T06:30:44.452763Z,0.99,61,yes,f0015c44-bd9b-5ced-1357-5f217473bef0
KXKLEAGUEGAME-25NOV08JEJANY-ANY,2025-11-08T06:30:44.452763Z,0.98,164,yes,93e98170-fa54-59c6-2e6b-7434ce464dce
KXKLEAGUEGAME-25NOV08JEJANY-ANY,2025-11-08T06:30:39.830695Z,0.98,1,yes,ea337430-dd54-4b2d-901c-b76dd02a57be
KXKLEAGUEGAME-25NOV08JEJANY-ANY,2025-11-08T06:30:39.529184Z,0.98,34,yes,bc1e9cb9-16a9-5fa6-e609-faba510ae70b
KXKLEAGUEGAME-25NOV08JEJANY-ANY,2025-11-08T06:30:21.276684Z,0.98,43,yes,e80d8837-17ab-42de-db83-19e43f4eec06
KXKLEAGUEGAME-25NOV08JEJANY-ANY,2025-11-08T06:30:16.045291Z,0.98,3116,yes,d0b84b1a-01a0-54e9-c0f9-5f911f36fc23
KXKLEAGUEGAME-25NOV08JEJANY-ANY,2025-11-08T06:30:16.045291Z,0.99,617,yes,42011c2e-5913-5d68-c546-0577c4619fec
KXKLEAGUEGAME-25NOV08JEJANY-ANY,2025-11-08T06:30:16.045291Z,0.99,972,yes,03e10660-3c39-5d3f-ff38-a01785630313
KXKLEAGUEGAME-25NOV08JEJANY-ANY,2025-11-08T06:30:03.405532Z,0.97,35,no,97593db0-7b35-4b1e-a3a3-39d0b8324c00
KXKLEAGUEGAME-25NOV08JEJANY-ANY,2025-11-08T06:30:01.620131Z,0.99,28,yes,8d21498a-b1a1-5b8b-9205-d11d3a02b077
KXKLEAGUEGAME-25NOV08JEJANY-ANY,2025-11-08T06:30:01.620131Z,0.97,1000,yes,62ced953-0f07-5b97-afc2-62f04188439a
KXKLEAGUEGAME-25NOV08JEJANY-ANY,2025-11-08T06:29:21.587216Z,0.97,51,yes,4a6b7ae0-1594-5552-c821-34ee7095a44b
KXKLEAGUEGAME-25NOV08JEJANY-ANY,2025-11-08T06:28:44.758384Z,0.99,1,yes,f3ec7ae0-842f-67c4-fe3f-d5fa9e13e41e
KXKLEAGUEGAME-25NOV08JEJANY-ANY,2025-11-08T06:28:44.758384Z,0.99,4,yes,defc7b5c-c018-620c-fcd0-c77745b213af
KXKLEAGUEGAME-25NOV08JEJANY-ANY,2025-11-08T06:28:22.072127Z,0.99,200,yes,dfd07bdb-a97d-53de-b4b6-6e258833f847
KXKLEAGUEGAME-25NOV08JEJANY-ANY,2025-11-08T06:28:22.072127Z,0.98,434,yes,a79b9f83-5466-5367-b958-290567f5ee6f
KXKLEAGUEGAME-25NOV08JEJANY-ANY,2025-11-08T06:28:22.072127Z,0.99,58,yes,97cc9b5b-ca0a-5962-b4ba-9385b293b85e
KXKLEAGUEGAME-25NOV08JEJANY-ANY,2025-11-08T06:28:22.072127Z,0.99,34,yes,7b3e4d8a-b29b-53a4-9460-6ec3b5616dd2
KXKLEAGUEGAME-25NOV08JEJANY-ANY,2025-11-08T06:28:22.072127Z,0.99,522,yes,5d024729-1733-576c-ad7c-628b3ef64f3b
KXKLEAGUEGAME-25NOV08JEJANY-ANY,2025-11-08T06:28:22.072127Z,0.99,200,yes,591c2ec5-eb2d-56f4-98d5-2ebde461d5dc
KXKLEAGUEGAME-25NOV08JEJANY-ANY,2025-11-08T06:28:22.072127Z,0.99,1000,yes,521ef9bf-e7bf-5f10-8476-3c31627d6920
KXKLEAGUEGAME-25NOV08JEJANY-ANY,2025-11-08T06:28:07.862391Z,0.98,2,yes,4456657e-ff52-7057-5ab0-a347c400c2b3
KXKLEAGUEGAME-25NOV08JEJANY-ANY,2025-11-08T06:26:52.489235Z,0.98,5,yes,8b62ab0b-d4c6-5173-c992-effb7f31623f
KXKLEAGUEGAME-25NOV08JEJANY-ANY,2025-11-08T06:26:47.061966Z,0.96,607,no,ccb39c86-4739-60b4-1715-07fe2f295c34
KXKLEAGUEGAME-25NOV08JEJANY-ANY,2025-11-08T06:26:38.804193Z,0.97,205,yes,fd400d62-72c7-6a84-834d-f9f65afe65fd
KXKLEAGUEGAME-25NOV08JEJANY-ANY,2025-11-08T06:26:36.831638Z,0.97,2,yes,5f7eb6e8-0c9e-5781-bfa6-0fe93fb1dbc8
KXKLEAGUEGAME-25NOV08JEJANY-ANY,2025-11-08T06:26:23.779484Z,0.94,15,no,5d9ff506-27b1-6a88-3c15-7045debcdac4
KXKLEAGUEGAME-25NOV08JEJANY-ANY,2025-11-08T06:25:55.946861Z,0.97,102,yes,4468160b-a567-79fe-c12b-5e4ef9684ffd
KXKLEAGUEGAME-25NOV08JEJANY-ANY,2025-11-08T06:25:51.790508Z,0.97,5,yes,17d826a0-8090-5f18-ef44-03301ee3ff05
KXKLEAGUEGAME-25NOV08JEJANY-ANY,2025-11-08T06:25:43.853738Z,0.93,7,no,7960f2e2-1c73-4b60-3ce5-cb28cf501d87
KXKLEAGUEGAME-25NOV08JEJANY-ANY,2025-11-08T06:25:37.641234Z,0.97,1,yes,71dfc8b8-de6d-6d03-87a0-ce31e7b63095
KXKLEAGUEGAME-25NOV08JEJANY-ANY,2025-11-08T06:25:29.39214Z,0.92,35,no,a4f85509-1eba-60f9-4ffe-74faacf6c974
KXKLEAGUEGAME-25NOV08JEJANY-ANY,2025-11-08T06:25:17.96968Z,0.97,470,yes,fdb3c1ad-9766-5156-2ac5-91b78776bf74
KXKLEAGUEGAME-25NOV08JEJANY-ANY,2025-11-08T06:25:17.96968Z,0.98,59,yes,58fc2fe5-f382-564b-3bf0-2e9163f66f9f
KXKLEAGUEGAME-25NOV08JEJANY-ANY,2025-11-08T06:25:17.96968Z,0.96,84,yes,48b94ded-9879-5c68-109a-fa3162837a65
KXKLEAGUEGAME-25NOV08JEJANY-ANY,2025-11-08T06:25:08.93817Z,0.92,11,no,9e1eb152-38c2-5215-f68c-5def2f33b048
KXKLEAGUEGAME-25NOV08JEJANY-ANY,2025-11-08T06:24:32.703891Z,0.96,103,yes,998abbad-e06d-6f07-f55a-d404498adca6
KXKLEAGUEGAME-25NOV08JEJANY-ANY,2025-11-08T06:24:27.671049Z,0.96,78,yes,53be62df-c344-5c7f-b66c-e83a9cfc7ae2
KXKLEAGUEGAME-25NOV08JEJANY-ANY,2025-11-08T06:23:59.861906Z,0.96,155,yes,7ad220b9-bf94-4296-5da5-301d850bb08a
KXKLEAGUEGAME-25NOV08JEJANY-ANY,2025-11-08T06:22:47.974586Z,0.96,14,yes,5aaa6a95-5608-6e1d-746a-9a478b3cac56
KXKLEAGUEGAME-25NOV08JEJANY-ANY,2025-11-08T06:22:47.974586Z,0.97,30,yes,336a6e97-39be-660e-6752-be4f27530218
KXKLEAGUEGAME-25NOV08JEJANY-ANY,2025-11-08T06:22:18.505298Z,0.95,59,yes,697d566b-138b-4be9-b0d9-86892075d9fd
KXKLEAGUEGAME-25NOV08JEJANY-ANY,2025-11-08T06:22:18.505298Z,0.96,149,yes,1038bd46-6148-4fbd-a242-0d676aece552
KXKLEAGUEGAME-25NOV08JEJANY-ANY,2025-11-08T06:22:10.182284Z,0.95,870,yes,ceff2bcb-4f88-71a9-b129-411c4a9e3916
KXKLEAGUEGAME-25NOV08JEJANY-ANY,2025-11-08T06:22:05.257209Z,0.95,3,yes,f196e0a4-fbe4-7989-dca1-39a4fb91bef6
KXKLEAGUEGAME-25NOV08JEJANY-ANY,2025-11-08T06:22:02.862203Z,0.95,230,yes,5d40de3d-6990-601d-1a78-2918f649fc9e
KXKLEAGUEGAME-25NOV08JEJANY-ANY,2025-11-08T06:21:57.604549Z,0.95,5,yes,c927bd59-1b90-51c5-c668-050a0b41352a
KXKLEAGUEGAME-25NOV08JEJANY-ANY,2025-11-08T06:21:56.963224Z,0.95,7,yes,b2ac573c-6398-6f71-2bfe-62b6ccca4b02
KXKLEAGUEGAME-25NOV08JEJANY-ANY,2025-11-08T06:21:55.060083Z,0.95,15,yes,2dc152b1-ebfc-6565-7176-f49d59e81b22
KXKLEAGUEGAME-25NOV08JEJANY-ANY,2025-11-08T06:21:52.947872Z,0.95,71,yes,dfc1243b-db78-5ccd-26ec-98979f94d3aa
KXKLEAGUEGAME-25NOV08JEJANY-ANY,2025-11-08T06:21:52.947872Z,0.84,46,yes,255502b3-4450-5d34-0843-8143803d2338
KXKLEAGUEGAME-25NOV08JEJANY-ANY,2025-11-08T06:21:39.561921Z,0.83,142,yes,16b0b999-8a9c-6c28-2ab0-bb5f8c5f066c
KXKLEAGUEGAME-25NOV08JEJANY-ANY,2025-11-08T06:21:39.517816Z,0.83,11,yes,1f421324-3f14-473c-693b-90bdcc22b608
KXKLEAGUEGAME-25NOV08JEJANY-ANY,2025-11-08T06:21:35.445151Z,0.83,11,yes,11c0f8ac-608c-7c44-dea1-921ad05e269c
KXKLEAGUEGAME-25NOV08JEJANY-ANY,2025-11-08T06:21:33.626507Z,0.83,476,yes,5da46797-ccb8-54f8-cee1-a1f6458243ec
KXKLEAGUEGAME-25NOV08JEJANY-ANY,2025-11-08T06:21:30.426813Z,0.82,52,yes,7b021e46-6d04-4430-d6dc-61c2b726737c
KXKLEAGUEGAME-25NOV08JEJANY-ANY,2025-11-08T06:21:28.826123Z,0.82,36,yes,140819e9-7cb4-5608-d0a9-cbfea3667c3c
KXKLEAGUEGAME-25NOV08JEJANY-ANY,2025-11-08T06:21:25.987462Z,0.82,24,yes,9a211bda-a478-5f0c-7502-8231f673a018
KXKLEAGUEGAME-25NOV08JEJANY-ANY,2025-11-08T06:21:24.356494Z,0.82,4,yes,c0fae4f8-f4a4-43bc-bcc0-c12507d0bdc4
KXKLEAGUEGAME-25NOV08JEJANY-ANY,2025-11-08T06:21:23.850016Z,0.82,75,yes,b399ea8f-cda8-7d20-5984-54d84ab38568
KXKLEAGUEGAME-25NOV08JEJANY-ANY,2025-11-08T06:21:18.408978Z,0.83,30,yes,3a27be7d-caac-6900-7829-20d948b60fc4
KXKLEAGUEGAME-25NOV08JEJANY-ANY,2025-11-08T06:21:08.554983Z,0.84,4,yes,d24fcf3f-9315-5bd2-ecf4-a4bfadefe71a
KXKLEAGUEGAME-25NOV08JEJANY-ANY,2025-11-08T06:21:06.462863Z,0.85,1711,yes,d51def0d-5fae-691d-4ae0-887871f73f9f
KXKLEAGUEGAME-25NOV08JEJANY-ANY,2025-11-08T06:21:01.463112Z,0.88,343,yes,b9d763e6-0b27-6da1-451e-9faeb05d20c3
KXKLEAGUEGAME-25NOV08JEJANY-ANY,2025-11-08T06:20:52.678299Z,0.84,10,yes,4837baed-d9a1-7a23-a54d-0346d47d8390
KXKLEAGUEGAME-25NOV08JEJANY-ANY,2025-11-08T06:20:47.938118Z,0.84,10,yes,e39f2fed-cd21-6133-bf00-94fa24ddca3e
KXKLEAGUEGAME-25NOV08JEJANY-ANY,2025-11-08T06:20:46.998034Z,0.84,400,yes,e6e12bac-d448-52b4-a33c-729cd9b61835
KXKLEAGUEGAME-25NOV08JEJANY-ANY,2025-11-08T06:20:43.694363Z,0.86,317,yes,3dd94f01-4e80-7786-66cd-4d231bbbb234
KXKLEAGUEGAME-25NOV08JEJANY-ANY,2025-11-08T06:20:39.478653Z,0.86,11,yes,cdbcda44-64aa-4b3c-6efd-a37142d0c2ce
KXKLEAGUEGAME-25NOV08JEJANY-ANY,2025-11-08T06:20:38.821324Z,0.86,23,yes,07c81c08-7e32-6e7c-24da-46f9ad34fbe6
KXKLEAGUEGAME-25NOV08JEJANY-ANY,2025-11-08T06:20:35.524151Z,0.88,100,yes,5ddcdbab-95d3-7adc-215e-6a570418551a
KXKLEAGUEGAME-25NOV08JEJANY-ANY,2025-11-08T06:20:34.394318Z,0.88,19,yes,92d2540e-9903-4930-7362-aaf90909665e
KXKLEAGUEGAME-25NOV08JEJANY-ANY,2025-11-08T06:20:34.167876Z,0.88,912,yes,06860b6a-a5c3-53ed-b967-c81869a18630
KXKLEAGUEGAME-25NOV08JEJANY-ANY,2025-11-08T06:20:30.371376Z,0.88,13,yes,b73a4dba-6c69-7634-5383-92ed793ecafa
KXKLEAGUEGAME-25NOV08JEJANY-ANY,2025-11-08T06:20:26.751075Z,0.88,39,yes,9f4c3b89-b004-4c43-51f9-ce51248b6936
KXKLEAGUEGAME-25NOV08JEJANY-ANY,2025-11-08T06:20:21.071327Z,0.92,5,yes,e3b92224-54d2-545d-5718-98984d9f7a26
KXKLEAGUEGAME-25NOV08JEJANY-ANY,2025-11-08T06:20:12.273281Z,0.84,51,yes,7a7027c8-f5b3-4ab7-2c7a-b080993a095c
KXKLEAGUEGAME-25NOV08JEJANY-ANY,2025-11-08T06:19:53.949398Z,0.84,58,yes,6acae261-4b0a-59b5-f7fa-44fe2d55832b
KXKLEAGUEGAME-25NOV08JEJANY-ANY,2025-11-08T06:19:37.274301Z,0.84,940,yes,a97d776e-88c8-4e10-8c37-9299ccf99bac
KXKLEAGUEGAME-25NOV08JEJANY-ANY,2025-11-08T06:18:32.739308Z,0.88,1,yes,2c16c055-8870-7fe7-b4cb-2c19000e5f73
KXKLEAGUEGAME-25NOV08JEJANY-ANY,2025-11-08T06:18:14.328962Z,0.75,25,no,b3fc8354-94f5-6e69-951a-c9abafcf98a1
KXKLEAGUEGAME-25NOV08JEJANY-ANY,2025-11-08T06:17:02.790134Z,0.82,9,yes,f2212ddd-58a4-7775-9ca7-256eaab4de43
KXKLEAGUEGAME-25NOV08JEJANY-ANY,2025-11-08T06:16:46.213823Z,0.82,1,yes,4706af55-f354-5461-b959-c7f694251b5b
KXKLEAGUEGAME-25NOV08JEJANY-ANY,2025-11-08T06:16:36.349099Z,0.82,40,yes,d9bd4732-1044-60d1-c227-6fcff4b8bd03
KXKLEAGUEGAME-25NOV08JEJANY-ANY,2025-11-08T06:15:55.729822Z,0.8,1,yes,886dc008-6768-77b1-a726-31a63c408c51
KXKLEAGUEGAME-25NOV08JEJANY-ANY,2025-11-08T06:15:11.860483Z,0.79,4,yes,d252ee3c-bbd7-4498-56ac-f3304e2c0abe
KXKLEAGUEGAME-25NOV08JEJANY-ANY,2025-11-08T06:15:11.860483Z,0.8,2,yes,928a498e-1450-40f9-40c9-058e4efa6691
KXKLEAGUEGAME-25NOV08JEJANY-ANY,2025-11-08T06:14:24.800903Z,0.67,15,yes,b96295ea-814d-5719-9926-99cfa3f9bad7
KXKLEAGUEGAME-25NOV08JEJANY-ANY,2025-11-08T06:14:24.800903Z,0.8,48,yes,7595c8be-5a34-5f1d-a3df-5bc501c7edc5
KXKLEAGUEGAME-25NOV08JEJANY-ANY,2025-11-08T06:14:09.738761Z,0.67,10,no,c4937e41-64d4-69c0-3be4-8c82daffa219
KXKLEAGUEGAME-25NOV08JEJANY-ANY,2025-11-08T06:13:20.98631Z,0.67,25,no,7508d9fc-e454-74cc-5fc7-52f14871fd7d
KXKLEAGUEGAME-25NOV08JEJANY-ANY,2025-11-08T06:12:29.300873Z,0.95,90,yes,dfe2cce6-6dc8-75a9-4685-97d60584b786
KXKLEAGUEGAME-25NOV08JEJANY-ANY,2025-11-08T06:12:29.300873Z,0.89,183,yes,55c56aec-7006-704d-7455-957f537be7fd
KXKLEAGUEGAME-25NOV08JEJANY-ANY,2025-11-08T06:11:20.437306Z,0.91,652,yes,eb11c54c-634b-5e9f-bc63-16c87a43bc26
KXKLEAGUEGAME-25NOV08JEJANY-ANY,2025-11-08T06:11:20.437306Z,0.89,100,yes,e4c093bc-814c-520d-bcd9-00c5aac680f3
KXKLEAGUEGAME-25NOV08JEJANY-ANY,2025-11-08T06:11:20.437306Z,0.95,460,yes,b7f43415-06e0-5009-b9e3-f50e0891cb96
KXKLEAGUEGAME-25NOV08JEJANY-ANY,2025-11-08T06:11:20.437306Z,0.86,86,yes,243da8e5-b851-54b0-b053-17bc0443fc2e
KXKLEAGUEGAME-25NOV08JEJANY-ANY,2025-11-08T06:09:52.196435Z,0.9,1,yes,09494b42-e63a-6744-1d16-4dc25bc1acb0
KXKLEAGUEGAME-25NOV08JEJANY-ANY,2025-11-08T06:09:38.380009Z,0.85,3,yes,ea0796e0-1dfb-6097-e1ad-1e0d5106189e
KXKLEAGUEGAME-25NOV08JEJANY-ANY,2025-11-08T06:08:30.25698Z,0.95,69,yes,f8419953-ef65-5057-de5e-7ff4c96b83c5
KXKLEAGUEGAME-25NOV08JEJANY-ANY,2025-11-08T06:08:30.25698Z,0.94,100,yes,c33353dd-5684-58cd-dce5-d178108335fe
KXKLEAGUEGAME-25NOV08JEJANY-ANY,2025-11-08T06:08:30.25698Z,0.95,86,yes,a93dbcd8-a590-5abd-ee61-d2f7dd4f3852
KXKLEAGUEGAME-25NOV08JEJANY-ANY,2025-11-08T06:08:30.25698Z,0.81,24,yes,7a76d2ca-d459-5270-d117-889baf876eab
KXKLEAGUEGAME-25NOV08JEJANY-ANY,2025-11-08T06:08:30.25698Z,0.8,98,yes,68401a9f-51c8-5fe2-d8a7-b99f291fa237
KXKLEAGUEGAME-25NOV08JEJANY-ANY,2025-11-08T06:08:30.25698Z,0.79,36,yes,2de154bb-3667-5d42-eb18-e18d0f3f238b
KXKLEAGUEGAME-25NOV08JEJANY-ANY,2025-11-08T06:07:54.884595Z,0.79,24,yes,9fa818a0-e96e-6e1d-a773-16a927753644
KXKLEAGUEGAME-25NOV08JEJANY-ANY,2025-11-08T06:07:46.436055Z,0.79,13,yes,c7d8e34a-2e0e-549f-6fc8-02cffa100e1a
KXKLEAGUEGAME-25NOV08JEJANY-ANY,2025-11-08T06:07:23.361145Z,0.79,12,yes,96ae2737-e6a1-468f-296d-fde0ba136002
KXKLEAGUEGAME-25NOV08JEJANY-ANY,2025-11-08T06:06:39.61274Z,0.77,11,yes,5c76965f-dd23-5387-220c-0b4a548be47a
KXKLEAGUEGAME-25NOV08JEJANY-ANY,2025-11-08T06:06:00.71968Z,0.8,1,yes,215925ec-dac8-63aa-738d-887418cf5e87
KXKLEAGUEGAME-25NOV08JEJANY-ANY,2025-11-08T06:05:21.143405Z,0.79,17,yes,ad5e59c9-1026-7858-b6df-71bde943eeda
KXKLEAGUEGAME-25NOV08JEJANY-ANY,2025-11-08T06:04:41.717212Z,0.8,1,yes,c40ce634-7f9c-7b6a-b96f-d0b675ddda3f
KXKLEAGUEGAME-25NOV08JEJANY-ANY,2025-11-08T06:02:42.216219Z,0.8,2,yes,788bacea-99ad-48f6-4dcd-393fc5fd85ce
KXKLEAGUEGAME-25NOV08JEJANY-ANY,2025-11-08T06:01:52.313101Z,0.85,1,yes,9e0ca93d-f764-7b24-17ec-7a6c4306382a
KXKLEAGUEGAME-25NOV08JEJANY-ANY,2025-11-08T06:01:34.024934Z,0.8,12,yes,74f3d0e9-faa4-41d0-5051-4b39fcd4c222
KXKLEAGUEGAME-25NOV08JEJANY-ANY,2025-11-08T05:59:50.686292Z,0.8,4,yes,a0d336d6-567b-4ab7-7fb5-f16f137026ba
KXKLEAGUEGAME-25NOV08JEJANY-ANY,2025-11-08T05:59:50.686292Z,0.82,65,yes,2d5709fe-3c90-4088-6463-fa8d19e1a81e
KXKLEAGUEGAME-25NOV08JEJANY-ANY,2025-11-08T05:58:41.387577Z,0.95,2,yes,e826f597-d155-5bb7-f9d9-08af155975d1
KXKLEAGUEGAME-25NOV08JEJANY-ANY,2025-11-08T05:58:41.387577Z,0.9,11,yes,cbbd2b25-2a77-5035-d25b-50c1f66ba1f2
KXKLEAGUEGAME-25NOV08JEJANY-ANY,2025-11-08T05:58:41.387577Z,0.79,57,yes,9b153de9-d678-5328-f6d7-17dbb0af50a8
KXKLEAGUEGAME-25NOV08JEJANY-ANY,2025-11-08T05:58:41.387577Z,0.9,19,yes,6c201018-744f-563e-cdab-47aae25edf24
KXKLEAGUEGAME-25NOV08JEJANY-ANY,2025-11-08T05:58:33.504014Z,0.79,24,yes,1bcbee57-b9ec-4dc8-2732-8bf4933750a8
KXKLEAGUEGAME-25NOV08JEJANY-ANY,2025-11-08T05:58:03.493211Z,0.79,10,yes,ee081946-1d5c-5adc-b09e-585c546e7310
KXKLEAGUEGAME-25NOV08JEJANY-ANY,2025-11-08T05:58:03.493211Z,0.75,22,yes,b9324283-a127-594b-9599-1be7bda2e6a0
KXKLEAGUEGAME-25NOV08JEJANY-ANY,2025-11-08T05:57:24.761958Z,0.75,13,yes,1b41f6f9-7b4f-54ab-61a8-698bd4739838
KXKLEAGUEGAME-25NOV08JEJANY-ANY,2025-11-08T05:57:22.489138Z,0.75,24,yes,fe3b4b1f-19d3-6e33-80c8-dfd0e3e8422c
KXKLEAGUEGAME-25NOV08JEJANY-ANY,2025-11-08T05:56:12.859244Z,0.75,32,yes,1aaecd33-a693-6cf3-bd80-366ce80ec41c
KXKLEAGUEGAME-25NOV08JEJANY-ANY,2025-11-08T05:55:52.979958Z,0.75,7,yes,c8d8277f-e03b-6bb3-6357-1a1979338be4
KXKLEAGUEGAME-25NOV08JEJANY-ANY,2025-11-08T05:55:44.394181Z,0.75,78,yes,1def7caf-b483-6e17-d012-ff2fe8c641e0
KXKLEAGUEGAME-25NOV08JEJANY-ANY,2025-11-08T05:55:32.869079Z,0.75,37,yes,cce25556-dd6b-51f3-7db2-768a4aa658a8
KXKLEAGUEGAME-25NOV08JEJANY-ANY,2025-11-08T05:55:32.869079Z,0.69,15,yes,bfee2440-4c13-5e05-5f97-7602b9554827
KXKLEAGUEGAME-25NOV08JEJANY-ANY,2025-11-08T05:55:32.869079Z,0.68,85,yes,722a85ea-f479-5e39-446e-8064bdeff3a0
KXKLEAGUEGAME-25NOV08JEJANY-ANY,2025-11-08T05:55:32.869079Z,0.73,21,yes,2e6624e1-8080-5e30-745c-d62ea9d7735d
KXKLEAGUEGAME-25NOV08JEJANY-ANY,2025-11-08T05:55:08.522468Z,0.66,125,no,595db815-c727-464e-37fa-22429cf916e3
KXKLEAGUEGAME-25NOV08JEJANY-ANY,2025-11-08T05:54:51.434772Z,0.72,10,no,140c9f80-2c08-7139-aba3-65b85deecb60
KXKLEAGUEGAME-25NOV08JEJANY-ANY,2025-11-08T05:54:00.794164Z,0.75,2,yes,c2d4e141-ca6b-64a3-9ade-6c5d54bb212c
KXKLEAGUEGAME-25NOV08JEJANY-ANY,2025-11-08T05:53:51.644088Z,0.72,140,no,7777a49e-31e0-4222-1bd6-de9d91826971
KXKLEAGUEGAME-25NOV08JEJANY-ANY,2025-11-08T05:53:50.208836Z,0.72,25,no,c5c00887-c924-7402-0a02-8da2c6f66285
KXKLEAGUEGAME-25NOV08JEJANY-ANY,2025-11-08T05:53:47.138864Z,0.72,25,no,368859cd-e758-5192-88e7-49e82c10b3d1
KXKLEAGUEGAME-25NOV08JEJANY-ANY,2025-11-08T05:53:44.360433Z,0.72,25,no,96236b75-9468-680e-471a-26c467222c41
KXKLEAGUEGAME-25NOV08JEJANY-ANY,2025-11-08T05:53:35.71927Z,0.75,18,yes,dd063378-a900-5581-6317-f75af20aeda9
KXKLEAGUEGAME-25NOV08JEJANY-ANY,2025-11-08T05:53:35.71927Z,0.77,14,yes,23a16916-98b1-5661-776d-fd11c44632e8
KXKLEAGUEGAME-25NOV08JEJANY-ANY,2025-11-08T05:53:30.97428Z,0.75,15,no,3f634e6c-a01f-7fda-aeb6-a68217abea3b
KXKLEAGUEGAME-25NOV08JEJANY-ANY,2025-11-08T05:53:30.960271Z,0.75,10,no,0ef6416b-8f03-7182-6df4-857f70a36d03
KXKLEAGUEGAME-25NOV08JEJANY-ANY,2025-11-08T05:53:30.794392Z,0.75,33,no,ffade8bd-8fbb-7912-1747-a6b66e7cc207
KXKLEAGUEGAME-25NOV08JEJANY-ANY,2025-11-08T05:53:25.612151Z,0.78,6,yes,c698bb92-ae1b-6785-95dc-b29b3b47b212
KXKLEAGUEGAME-25NOV08JEJANY-ANY,2025-11-08T05:52:53.066882Z,0.78,10,yes,8edaa626-9c24-6046-11d7-c8b3b1848ef4
KXKLEAGUEGAME-25NOV08JEJANY-ANY,2025-11-08T05:52:23.446368Z,0.69,25,no,b0d34975-bcd5-7d6e-ec36-64d411400bed
KXKLEAGUEGAME-25NOV08JEJANY-ANY,2025-11-08T05:52:20.228119Z,0.69,25,no,c29d8110-bcbd-4312-c445-fa448fe5e011
KXKLEAGUEGAME-25NOV08JEJANY-ANY,2025-11-08T05:52:18.209825Z,0.69,25,no,4c19f188-9985-71b6-c802-54fb34a5b045
KXKLEAGUEGAME-25NOV08JEJANY-ANY,2025-11-08T05:52:17.237701Z,0.69,16,no,fe59577b-5015-5bba-175c-ad9971f28bbd
KXKLEAGUEGAME-25NOV08JEJANY-ANY,2025-11-08T05:52:11.503907Z,0.68,24,no,c90af7d4-9401-5606-b247-d0fa23876e6c
KXKLEAGUEGAME-25NOV08JEJANY-ANY,2025-11-08T05:52:09.354371Z,0.68,25,no,60b6624a-1a79-6f4a-c41e-cd9c7ae3cfe4
KXKLEAGUEGAME-25NOV08JEJANY-ANY,2025-11-08T05:52:06.038726Z,0.68,25,no,5d964075-b5a9-507a-f107-b34f218d31b0
KXKLEAGUEGAME-25NOV08JEJANY-ANY,2025-11-08T05:52:02.830117Z,0.68,25,no,5ae8d982-84e5-7232-fb02-5e1f4290f7b8
KXKLEAGUEGAME-25NOV08JEJANY-ANY,2025-11-08T05:51:58.340094Z,0.84,7,yes,09c2cd73-8f0e-6c73-3a79-b91e29bd3791
KXKLEAGUEGAME-25NOV08JEJANY-ANY,2025-11-08T05:51:54.329697Z,0.67,4,no,761162c9-79e4-6c81-761f-24cc4ba33f32
KXKLEAGUEGAME-25NOV08JEJANY-ANY,2025-11-08T05:51:37.19175Z,0.85,1,yes,42cb7b0b-612f-49ab-29d2-f68443ed5f24
KXKLEAGUEGAME-25NOV08JEJANY-ANY,2025-11-08T05:51:34.47069Z,0.79,25,no,25ac6083-6197-4fe7-cdfb-2fd52e06ee94
KXKLEAGUEGAME-25NOV08JEJANY-ANY,2025-11-08T05:51:31.757282Z,0.79,25,no,9b384926-41d3-50ab-a72e-9b8ec22dbe04
KXKLEAGUEGAME-25NOV08JEJANY-ANY,2025-11-08T05:51:28.461274Z,0.74,25,no,8032cf02-7fff-757f-bfcf-432ba9747060
KXKLEAGUEGAME-25NOV08JEJANY-ANY,2025-11-08T05:51:25.732499Z,0.74,25,no,65641984-624f-4fc3-a780-79521f8a2ea4
KXKLEAGUEGAME-25NOV08JEJANY-ANY,2025-11-08T05:51:22.760786Z,0.74,25,no,3dec9b3c-f557-5297-801e-960ce5c640e8
KXKLEAGUEGAME-25NOV08JEJANY-ANY,2025-11-08T05:51:19.193639Z,0.74,25,no,63ec4af3-683f-6f4f-a255-81e311f552d4
KXKLEAGUEGAME-25NOV08JEJANY-ANY,2025-11-08T05:51:17.551902Z,0.68,25,yes,4881aa9f-d704-491d-38bd-29c992070f4f
KXKLEAGUEGAME-25NOV08JEJANY-ANY,2025-11-08T05:51:13.932829Z,0.68,25,no,ce4d5531-51d0-7f05-7e10-d1413727e9d6
KXKLEAGUEGAME-25NOV08JEJANY-ANY,2025-11-08T05:51:10.626975Z,0.68,25,no,404a24bb-9078-4829-4481-fe6e7e024aaa
KXKLEAGUEGAME-25NOV08JEJANY-ANY,2025-11-08T05:51:07.242069Z,0.69,25,no,0b6700d0-3a4d-6efc-e9a0-ed2e8e3dbe45
KXKLEAGUEGAME-25NOV08JEJANY-ANY,2025-11-08T05:51:05.094323Z,0.68,25,no,dfeeb77f-c5c8-42fd-d785-0669c9d5a722
KXKLEAGUEGAME-25NOV08JEJANY-ANY,2025-11-08T05:51:00.757347Z,0.77,25,no,69873b5d-a4d6-4033-d471-faf24b3c1199
KXKLEAGUEGAME-25NOV08JEJANY-ANY,2025-11-08T05:50:57.101548Z,0.77,25,no,d45d38e0-feba-4a97-76da-7f16b6e83fd1
KXKLEAGUEGAME-25NOV08JEJANY-ANY,2025-11-08T05:50:54.01741Z,0.77,25,no,d117e93c-0d3a-73ab-85b4-d42ce15122d1
KXKLEAGUEGAME-25NOV08JEJANY-ANY,2025-11-08T05:50:51.033665Z,0.77,25,no,e09bd115-380e-50eb-7a06-cefa8d711641
KXKLEAGUEGAME-25NOV08JEJANY-ANY,2025-11-08T05:50:47.862459Z,0.77,25,no,3af5af04-e932-692f-52fb-a355ea4a1e31
KXKLEAGUEGAME-25NOV08JEJANY-ANY,2025-11-08T05:50:45.751191Z,0.77,25,no,495b064b-c226-4dc3-efee-99118e746ca5
KXKLEAGUEGAME-25NOV08JEJANY-ANY,2025-11-08T05:50:41.668473Z,0.78,25,no,67f215af-2612-5bdf-a311-590b09fea89d
KXKLEAGUEGAME-25NOV08JEJANY-ANY,2025-11-08T05:50:38.726423Z,0.78,25,no,a9df11a2-592e-5e1f-2c6c-abf935cd34e9
KXKLEAGUEGAME-25NOV08JEJANY-ANY,2025-11-08T05:50:38.460133Z,0.78,19,no,e053ace5-9baa-6a0f-1c1d-18a7d6762951
KXKLEAGUEGAME-25NOV08JEJANY-ANY,2025-11-08T05:50:36.860125Z,0.87,3,yes,57030c77-6acb-7ede-b50a-0266ff1845ef
KXKLEAGUEGAME-25NOV08JEJANY-ANY,2025-11-08T05:50:34.874606Z,0.78,25,no,d17a9e9a-f14a-65ef-135c-c160bfe3cb2d
KXKLEAGUEGAME-25NOV08JEJANY-ANY,2025-11-08T05:50:33.017132Z,0.78,330,no,4896b3af-51a2-6ceb-d836-aab43fa3ad31
KXKLEAGUEGAME-25NOV08JEJANY-ANY,2025-11-08T05:50:32.406548Z,0.78,25,no,704ac8d1-1a32-6d5f-40b0-f24a0c0d5ae1
KXKLEAGUEGAME-25NOV08JEJANY-ANY,2025-11-08T05:50:32.237549Z,0.78,24,no,1f21f881-f0c2-5227-2e7e-2510b02f2d69
KXKLEAGUEGAME-25NOV08JEJANY-ANY,2025-11-08T05:50:30.024413Z,0.78,25,no,258cba36-798a-797b-3fc4-216f91de948d
KXKLEAGUEGAME-25NOV08JEJANY-ANY,2025-11-08T05:50:26.522488Z,0.77,25,no,a6e88bdb-91fa-57cb-cf04-35442ae180b5
KXKLEAGUEGAME-25NOV08JEJANY-ANY,2025-11-08T05:50:23.13952Z,0.77,25,no,20322a03-03ba-6daf-83be-a6dab6fcdbfd
KXKLEAGUEGAME-25NOV08JEJANY-ANY,2025-11-08T05:50:20.806547Z,0.77,25,no,ea145f95-63ce-6127-c96b-705b9abe8099
KXKLEAGUEGAME-25NOV08JEJANY-ANY,2025-11-08T05:50:17.786276Z,0.76,25,no,c2eaa646-c66a-7c33-eecd-2e00daa5b9bd
KXKLEAGUEGAME-25NOV08JEJANY-ANY,2025-11-08T05:50:14.862287Z,0.76,25,no,2e80c928-581a-42ff-ce04-58cc9c6b9c25
KXKLEAGUEGAME-25NOV08JEJANY-ANY,2025-11-08T05:50:10.707866Z,0.75,25,no,e8444567-e36c-551d-c103-bfbface2e1ba
KXKLEAGUEGAME-25NOV08JEJANY-ANY,2025-11-08T05:50:08.142236Z,0.75,25,no,a6fffc67-3818-45a9-8b3d-aecc08ae7ff2
KXKLEAGUEGAME-25NOV08JEJANY-ANY,2025-11-08T05:50:05.770282Z,0.74,25,no,fdface95-017a-5d23-752d-7f00be0aa2ed
KXKLEAGUEGAME-25NOV08JEJANY-ANY,2025-11-08T05:50:01.284179Z,0.74,25,no,17669d93-263a-5507-ae47-1e5e73f8a309
KXKLEAGUEGAME-25NOV08JEJANY-ANY,2025-11-08T05:50:00.076162Z,0.74,36,no,fe33e8a8-53b2-764f-fc78-e22d6038375d
KXKLEAGUEGAME-25NOV08JEJANY-ANY,2025-11-08T05:49:57.922694Z,0.73,25,no,9eb212ba-f492-7c57-3efa-c2e5cc603a3d
KXKLEAGUEGAME-25NOV08JEJANY-ANY,2025-11-08T05:49:55.143394Z,0.73,25,no,751ed90d-9952-6377-ea38-9192a0d2289d
KXKLEAGUEGAME-25NOV08JEJANY-ANY,2025-11-08T05:49:52.080724Z,0.73,25,no,c3f94846-4806-7b8b-ab24-b3c7999f751d
KXKLEAGUEGAME-25NOV08JEJANY-ANY,2025-11-08T05:49:49.466181Z,0.72,25,no,4e3a69b2-351a-422b-99f8-3604e6419db9
KXKLEAGUEGAME-25NOV08JEJANY-ANY,2025-11-08T05:49:46.127576Z,0.72,25,no,2eb86fd3-ef4e-7427-e12f-71f5b0fe52b5
KXKLEAGUEGAME-25NOV08JEJANY-ANY,2025-11-08T05:49:43.060943Z,0.72,25,no,286a2093-2a5a-524f-0fa1-9dc51d400f5d
KXKLEAGUEGAME-25NOV08JEJANY-ANY,2025-11-08T05:49:40.375908Z,0.7,25,no,a7ed22d1-7eba-69b7-b464-1832d1cc7361
KXKLEAGUEGAME-25NOV08JEJANY-ANY,2025-11-08T05:49:37.514454Z,0.7,25,no,5e672ab2-d9fe-5013-badc-5012f79bb779
KXKLEAGUEGAME-25NOV08JEJANY-ANY,2025-11-08T05:49:34.005769Z,0.7,25,no,86e3c0ed-56d2-4cb7-2736-7dcc9a689ff5
KXKLEAGUEGAME-25NOV08JEJANY-ANY,2025-11-08T05:49:31.284057Z,0.87,5,yes,b8bbd8e9-b6c7-6b92-6292-7a11adf0230f
KXKLEAGUEGAME-25NOV08JEJANY-ANY,2025-11-08T05:49:30.692057Z,0.7,25,no,38bfc942-d5de-667f-c7aa-95ab666826f9
KXKLEAGUEGAME-25NOV08JEJANY-ANY,2025-11-08T05:49:29.14388Z,0.87,22,yes,62e6a796-26a7-6972-2190-b026d857f5cf
KXKLEAGUEGAME-25NOV08JEJANY-ANY,2025-11-08T05:49:28.514718Z,0.7,25,no,f6fed605-373e-72bb-b230-bb3af5113f81
KXKLEAGUEGAME-25NOV08JEJANY-ANY,2025-11-08T05:49:25.873591Z,0.87,68,yes,420819ae-e6b3-6086-ec1c-947afdc01d6b
KXKLEAGUEGAME-25NOV08JEJANY-ANY,2025-11-08T05:49:25.434609Z,0.7,25,no,d9f12a33-d402-6d33-ec03-655b47a6170d
KXKLEAGUEGAME-25NOV08JEJANY-ANY,2025-11-08T05:49:21.872283Z,0.7,25,no,058ee005-8df2-61f7-ffbb-5ea596e2b915
KXKLEAGUEGAME-25NOV08JEJANY-ANY,2025-11-08T05:49:18.467641Z,0.69,25,no,e5529ca8-e886-6b2f-59ed-4e8b240b1e89
KXKLEAGUEGAME-25NOV08JEJANY-ANY,2025-11-08T05:49:16.675488Z,0.69,25,no,d6af2bad-fcca-63b3-12fc-8d3c57a96341
KXKLEAGUEGAME-25NOV08JEJANY-ANY,2025-11-08T05:49:13.215982Z,0.69,25,no,ebeb905e-baa6-7dbb-5dc0-ed09a2e4dd29
KXKLEAGUEGAME-25NOV08JEJANY-ANY,2025-11-08T05:49:09.831028Z,0.69,25,no,eb51cab1-60e2-43f3-5bb4-d26912077a59
KXKLEAGUEGAME-25NOV08JEJANY-ANY,2025-11-08T05:49:07.02Z,0.69,25,no,6e7e8266-91b6-527b-33cf-96cc2202825d
KXKLEAGUEGAME-25NOV08JEJANY-ANY,2025-11-08T05:49:04.668156Z,0.69,25,no,6a220b1d-054e-7f7f-3963-5c07610cd7b5
KXKLEAGUEGAME-25NOV08JEJANY-ANY,2025-11-08T05:49:00.264522Z,0.68,25,no,ec08749a-ce9e-695f-edfe-83e19aba1025
KXKLEAGUEGAME-25NOV08JEJANY-ANY,2025-11-08T05:48:57.304736Z,0.68,25,no,e8b245ef-a3d2-4e3f-61e8-a7c34d3c6ab9
KXKLEAGUEGAME-25NOV08JEJANY-ANY,2025-11-08T05:48:54.25306Z,0.68,25,no,0dafddfc-720a-4c6b-abf8-c81b040b7d95
KXKLEAGUEGAME-25NOV08JEJANY-ANY,2025-11-08T05:48:51.096858Z,0.68,25,no,d0459053-e8b2-5ac3-60a8-6797100ca3b5
KXKLEAGUEGAME-25NOV08JEJANY-ANY,2025-11-08T05:48:47.877899Z,0.68,21,no,a915718b-8162-405b-d744-1ed9fedfa9f5
KXKLEAGUEGAME-25NOV08JEJANY-ANY,2025-11-08T05:48:47.877899Z,0.68,4,no,0dba67ce-259e-49a5-f190-8aa12b27de11
KXKLEAGUEGAME-25NOV08JEJANY-ANY,2025-11-08T05:48:45.133395Z,0.68,25,no,97bbf299-96be-77ed-0108-d8d8dc1862fd
KXKLEAGUEGAME-25NOV08JEJANY-ANY,2025-11-08T05:48:42.121322Z,0.68,25,no,d7a8cda1-17fe-61c1-7088-23e0775a51ad
KXKLEAGUEGAME-25NOV08JEJANY-ANY,2025-11-08T05:48:38.807023Z,0.68,25,no,8adb3b23-aae2-5fe9-779d-d87ee11bd5c5
KXKLEAGUEGAME-25NOV08JEJANY-ANY,2025-11-08T05:48:36.125576Z,0.68,25,no,a465c5eb-2f96-64b5-0067-a9aa8fa09571
KXKLEAGUEGAME-25NOV08JEJANY-ANY,2025-11-08T05:48:33.096247Z,0.68,25,no,2bbc77c1-741a-5a29-d292-b62d858d76c9
KXKLEAGUEGAME-25NOV08JEJANY-ANY,2025-11-08T05:48:30.108787Z,0.68,25,no,c21827d2-4092-56c5-8c29-679dc099abfd
KXKLEAGUEGAME-25NOV08JEJANY-ANY,2025-11-08T05:48:27.07052Z,0.68,25,no,9ffda9f3-1ac6-4421-fe10-d7e6126d2701
KXKLEAGUEGAME-25NOV08JEJANY-ANY,2025-11-08T05:48:23.998246Z,0.68,25,no,70eb24ad-f996-7bdd-496f-d041aca89d3d
KXKLEAGUEGAME-25NOV08JEJANY-ANY,2025-11-08T05:48:21.22364Z,0.67,25,no,359bf647-6b76-548f-fc4b-dfba2970dcc9
KXKLEAGUEGAME-25NOV08JEJANY-ANY,2025-11-08T05:48:18.059912Z,0.67,25,no,b0db8b66-6e6e-535b-812f-da739a583a41
KXKLEAGUEGAME-25NOV08JEJANY-ANY,2025-11-08T05:48:15.024641Z,0.66,25,no,279ed3cb-0f7e-7df1-d8dd-fdc20c5eb205
KXKLEAGUEGAME-25NOV08JEJANY-ANY,2025-11-08T05:48:12.026807Z,0.66,25,no,8284d5e4-50a2-7d01-477a-901837d7b525
KXKLEAGUEGAME-25NOV08JEJANY-ANY,2025-11-08T05:48:09.164984Z,0.66,25,no,448324f8-3ac2-6595-3e44-ac289c33f119
KXKLEAGUEGAME-25NOV08JEJANY-ANY,2025-11-08T05:48:06.102442Z,0.66,25,no,e4b570fc-daf6-5cfd-d091-0176baf18c05
KXKLEAGUEGAME-25NOV08JEJANY-ANY,2025-11-08T05:48:03.441392Z,0.66,25,no,601eb531-6446-60c1-5038-1cf310985ee1
KXKLEAGUEGAME-25NOV08JEJANY-ANY,2025-11-08T05:47:59.703551Z,0.66,25,no,ba0577f5-2956-7551-2189-eb23a29ff51d
KXKLEAGUEGAME-25NOV08JEJANY-ANY,2025-11-08T05:47:59.20081Z,0.95,44,yes,b80dfbc4-09bd-42bb-2195-ee0ae01a89fd
KXKLEAGUEGAME-25NOV08JEJANY-ANY,2025-11-08T05:47:59.20081Z,0.94,59,yes,4ddb843b-9abe-4246-0053-f2dda20299eb
KXKLEAGUEGAME-25NOV08JEJANY-ANY,2025-11-08T05:47:56.270923Z,0.66,25,no,962d05b6-a586-6a95-6ecb-571a4936b6d1
KXKLEAGUEGAME-25NOV08JEJANY-ANY,2025-11-08T05:47:53.79351Z,0.66,25,no,05cbb15e-ff66-6fc9-9cce-40a50828eb99
KXKLEAGUEGAME-25NOV08JEJANY-ANY,2025-11-08T05:47:50.518752Z,0.66,25,no,a7804b14-f98a-6969-e18f-8bf80c35c7d1
KXKLEAGUEGAME-25NOV08JEJANY-ANY,2025-11-08T05:47:49.218418Z,0.95,225,yes,8ba330db-3e59-4e2f-e14e-b460daf31ca1
KXKLEAGUEGAME-25NOV08JEJANY-ANY,2025-11-08T05:47:49.218418Z,0.9,23,yes,481b6393-e18f-406e-e36b-e88bf868ec7b
KXKLEAGUEGAME-25NOV08JEJANY-ANY,2025-11-08T05:47:49.218418Z,0.94,54,yes,07adbf30-294d-4746-f34a-df7c723c19f4
KXKLEAGUEGAME-25NOV08JEJANY-ANY,2025-11-08T05:47:47.161161Z,0.66,25,no,cf52c88f-9c2e-5471-68e4-c03d26489059
KXKLEAGUEGAME-25NOV08JEJANY-ANY,2025-11-08T05:47:44.711959Z,0.65,25,no,33a8c9be-c802-7457-0067-7ca32f689115
KXKLEAGUEGAME-25NOV08JEJANY-ANY,2025-11-08T05:47:42.164728Z,0.65,6,no,f8d044a1-8bc2-7463-3e9f-e8371946cd2d
KXKLEAGUEGAME-25NOV08JEJANY-ANY,2025-11-08T05:47:42.164728Z,0.65,19,no,91bab80a-96d7-7eed-3d2c-56fbbdef9468
KXKLEAGUEGAME-25NOV08JEJANY-ANY,2025-11-08T05:46:39.627019Z,0.63,23,no,4b93b93e-0492-7289-74b3-7d2825b7dd51
KXKLEAGUEGAME-25NOV08JEJANY-ANY,2025-11-08T05:46:27.244658Z,0.94,3,yes,d501aff4-3871-652e-98f5-fbd48f7e6980
KXKLEAGUEGAME-25NOV08JEJANY-ANY,2025-11-08T05:46:23.501031Z,0.9,10,yes,cccafdcb-481c-4cbb-dc9a-2d7d1814ad5d
KXKLEAGUEGAME-25NOV08JEJANY-ANY,2025-11-08T05:46:23.501031Z,0.94,43,yes,95dd64b4-3e5d-4d7a-f5d9-2fdc6ffa4878
KXKLEAGUEGAME-25NOV08JEJANY-ANY,2025-11-08T05:45:00.13154Z,0.94,211,yes,7f183794-390d-5ee1-9afe-88e82b030efe
KXKLEAGUEGAME-25NOV08JEJANY-ANY,2025-11-08T05:44:47.588093Z,0.56,10,no,70706fa5-7036-7411-012f-2884352b5171
KXKLEAGUEGAME-25NOV08JEJANY-ANY,2025-11-08T05:44:32.032722Z,0.9,13,yes,d553fcf5-4232-6f1d-40f6-bff378ecacce
KXKLEAGUEGAME-25NOV08JEJANY-ANY,2025-11-08T05:44:32.032722Z,0.95,160,yes,8bd7e26e-a391-67cf-6052-f86c8284b169
KXKLEAGUEGAME-25NOV08JEJANY-ANY,2025-11-08T05:42:57.009854Z,0.51,12,no,895d1c10-a6da-4545-36b1-cae994fa5aa1
KXKLEAGUEGAME-25NOV08JEJANY-ANY,2025-11-08T05:40:14.039218Z,0.3,1,no,75beaf71-e6a6-6fad-0a81-98986687c98d
KXKLEAGUEGAME-25NOV08JEJANY-ANY,2025-11-08T05:39:14.416365Z,0.93,500,yes,f82eba42-114b-40dd-1389-92494ac5ee5d
KXKLEAGUEGAME-25NOV08JEJANY-ANY,2025-11-08T05:39:14.416365Z,0.97,48,yes,eefde92d-faff-4a13-03c0-b297e9c60f36
KXKLEAGUEGAME-25NOV08JEJANY-ANY,2025-11-08T05:39:14.416365Z,0.95,800,yes,a48adec2-d8e9-46c5-39fa-522728d48866
KXKLEAGUEGAME-25NOV08JEJANY-ANY,2025-11-08T05:39:14.416365Z,0.92,445,yes,2ff95af9-d094-4ee1-05f5-e3504eaee5f7
KXKLEAGUEGAME-25NOV08JEJANY-ANY,2025-11-08T05:39:14.416365Z,0.97,200,yes,0e912d1f-ae99-4824-3808-60455b5cad2f
KXKLEAGUEGAME-25NOV08JEJANY-ANY,2025-11-08T05:38:54.943942Z,0.92,54,yes,d4c5b0fd-8e18-4e79-a043-c8bf0b9ba6c7
KXKLEAGUEGAME-25NOV08JEJANY-ANY,2025-11-08T05:35:53.994783Z,0.92,1,yes,6403392f-72d4-7b5d-0459-61b2c0157767
