ticker,created_time,price,count,taker_side,trade_id
KXKLEAGUEGAME-25NOV09ULSSFC-TIE,2025-11-09T09:28:41.435022Z,0.01,9,yes,5f56fe46-5a23-4228-6b6a-beec59d15e94
KXKLEAGUEGAME-25NOV09ULSSFC-TIE,2025-11-09T09:28:39.626498Z,0.01,467,yes,9172bcff-d4d3-6830-f399-0e086b7186d0
KXKLEAGUEGAME-25NOV09ULSSFC-TIE,2025-11-09T09:28:28.310744Z,0.01,1152,no,f6f0f53a-a698-5e19-8b5a-d5c742132766
KXKLEAGUEGAME-25NOV09ULSSFC-TIE,2025-11-09T09:28:28.310744Z,0.01,50,no,9beec6d7-586e-5149-b779-1a44089e167c
KXKLEAGUEGAME-25NOV09ULSSFC-TIE,2025-11-09T09:28:28.310744Z,0.01,178,no,82caa7ad-8507-568f-b7b2-6e43e6125ba7
KXKLEAGUEGAME-25NOV09ULSSFC-TIE,2025-11-09T09:28:13.900472Z,0.09,52,yes,d113222c-c8e0-47d2-ecf7-472fc0de7fe3
KXKLEAGUEGAME-25NOV09ULSSFC-TIE,2025-11-09T09:27:30.982773Z,0.01,122,no,62109f0b-a57b-516b-1629-b7fc924d9323
KXKLEAGUEGAME-25NOV09ULSSFC-TIE,2025-11-09T09:27:27.333105Z,0.09,52,yes,88e70371-3898-50de-6c2b-68f1e1083303
KXKLEAGUEGAME-25NOV09ULSSFC-TIE,2025-11-09T09:27:00.008681Z,0.09,1,yes,5199a1e4-af08-7bb2-f28a-db34b33507bb
KXKLEAGUEGAME-25NOV09ULSSFC-TIE,2025-11-09T09:26:58.395264Z,0.09,104,yes,fc068505-0a38-6a9a-acd7-287775bdbd83
KXKLEAGUEGAME-25NOV09ULSSFC-TIE,2025-11-09T09:26:50.008153Z,0.11,50,no,c5b69e23-f2ca-55ef-0b04-3fc347be1d73
KXKLEAGUEGAME-25NOV09ULSSFC-TIE,2025-11-09T09:26:29.259365Z,0.47,182,yes,b334014a-7510-42fa-4e08-13ae83e7105b
KXKLEAGUEGAME-25NOV09ULSSFC-TIE,2025-11-09T09:26:20.782959Z,0.01,200,no,27aa7a4a-1f2f-5247-dd46-ec86b979dc87
KXKLEAGUEGAME-25NOV09ULSSFC-TIE,2025-11-09T09:26:15.289332Z,0.47,41,yes,cbfcf96c-8e58-77b6-e2d2-00f0f14765e3
KXKLEAGUEGAME-25NOV09ULSSFC-TIE,2025-11-09T09:25:55.262183Z,0.47,2,yes,73b05fc5-aa44-799e-0110-28a4893c0437
KXKLEAGUEGAME-25NOV09ULSSFC-TIE,2025-11-09T09:25:52.816241Z,0.47,10,yes,32399604-2cd8-74ca-36d7-22793e629e7f
KXKLEAGUEGAME-25NOV09ULSSFC-TIE,2025-11-09T09:25:49.647891Z,0.47,45,yes,b1224bd0-cef0-6542-05c1-d54a5134181b
KXKLEAGUEGAME-25NOV09ULSSFC-TIE,2025-11-09T09:25:45.397518Z,0.47,12,yes,e7b21a4a-8abc-4af2-27c8-cb9c57bb145b
KXKLEAGUEGAME-25NOV09ULSSFC-TIE,2025-11-09T09:25:41.187634Z,0.51,10,yes,ddf07e3c-f660-64e6-f529-76435758ff47
KXKLEAGUEGAME-25NOV09ULSSFC-TIE,2025-11-09T09:25:36.450571Z,0.51,50,yes,ee4d27ba-1584-5a02-79e5-263e20b33e03
KXKLEAGUEGAME-25NOV09ULSSFC-TIE,2025-11-09T09:25:35.888814Z,0.51,119,no,b7c58c98-f58a-6e94-0c4c-7aad214dbd80
KXKLEAGUEGAME-25NOV09ULSSFC-TIE,2025-11-09T09:25:35.888814Z,0.51,119,no,96cd30da-a3bc-6142-18ac-85f8ada25a8f
KXKLEAGUEGAME-25NOV09ULSSFC-TIE,2025-11-09T09:25:35.888814Z,0.78,4,no,6b77cc38-d8a3-67c4-09b9-2ad6e6b39c43
KXKLEAGUEGAME-25NOV09ULSSFC-TIE,2025-11-09T09:25:31.758705Z,0.97,1,yes,d7d9d512-30fc-7076-7a35-560819e8ef2b
KXKLEAGUEGAME-25NOV09ULSSFC-TIE,2025-11-09T09:25:06.157601Z,0.98,17,yes,aefcde39-85a0-56ee-8cee-b03fb3674fe8
KXKLEAGUEGAME-25NOV09ULSSFC-TIE,2025-11-09T09:25:06.157601Z,0.99,134,yes,8bad3e49-429b-527e-8c9b-673f05628297
KXKLEAGUEGAME-25NOV09ULSSFC-TIE,2025-11-09T09:24:42.567715Z,0.98,23,yes,566eb2d8-64dc-470e-d462-4543ae0a32dc
KXKLEAGUEGAME-25NOV09ULSSFC-TIE,2025-11-09T09:24:21.419545Z,0.94,547,yes,fe2515c5-2af9-477c-3563-bac5fc42fb76
KXKLEAGUEGAME-25NOV09ULSSFC-TIE,2025-11-09T09:24:21.419545Z,0.97,119,yes,e7e63db9-e7e8-4ac2-2cb1-8a5283fd06f2
KXKLEAGUEGAME-25NOV09ULSSFC-TIE,2025-11-09T09:24:21.419545Z,0.98,200,yes,d454c4f4-108a-4f2f-284f-abc713ca7c5e
KXKLEAGUEGAME-25NOV09ULSSFC-TIE,2025-11-09T09:24:21.419545Z,0.97,119,yes,8159fc0a-3c23-4ce3-0db1-8af1a1c0c72e
KXKLEAGUEGAME-25NOV09ULSSFC-TIE,2025-11-09T09:24:21.419545Z,0.96,119,yes,666cb15a-52fb-4cde-373e-4d66caf4bc8b
KXKLEAGUEGAME-25NOV09ULSSFC-TIE,2025-11-09T09:24:21.419545Z,0.99,123,yes,42ca25f6-deff-4042-226c-1922a361de67
KXKLEAGUEGAME-25NOV09ULSSFC-TIE,2025-11-09T09:24:21.419545Z,0.95,119,yes,328342b4-922e-4f6d-3cee-2867f4f7b3c3
KXKLEAGUEGAME-25NOV09ULSSFC-TIE,2025-11-09T09:24:21.419545Z,0.94,500,yes,27bbe039-f404-47f6-1fa8-7c2863d03eff
KXKLEAGUEGAME-25NOV09ULSSFC-TIE,2025-11-09T09:24:21.419545Z,0.95,119,yes,26b33176-80ee-40a6-0821-e3eb8a167692
KXKLEAGUEGAME-25NOV09ULSSFC-TIE,2025-11-09T09:24:21.419545Z,0.97,119,yes,01e755d9-d12e-492e-0132-6430d58f97dd
KXKLEAGUEGAME-25NOV09ULSSFC-TIE,2025-11-09T09:24:12.729912Z,0.94,100,yes,64460d3d-1625-63c0-f642-7ce1f5968512
KXKLEAGUEGAME-25NOV09ULSSFC-TIE,2025-11-09T09:24:03.457263Z,0.94,122,yes,1b92a3a5-dc3d-7200-9162-55ac67f8241a
KXKLEAGUEGAME-25NOV09ULSSFC-TIE,2025-11-09T09:23:51.089748Z,0.94,2,yes,86659862-86b5-5c30-ece3-2ddc5645182a
KXKLEAGUEGAME-25NOV09ULSSFC-TIE,2025-11-09T09:23:45.140827Z,0.94,29,yes,b6577d28-04dd-7498-9189-6b51c7fe02e6
KXKLEAGUEGAME-25NOV09ULSSFC-TIE,2025-11-09T09:23:37.937869Z,0.91,104,yes,b77eedcf-2dbb-776e-d667-f987acf71432
KXKLEAGUEGAME-25NOV09ULSSFC-TIE,2025-11-09T09:23:37.937869Z,0.92,94,yes,858f3b2d-fbd4-7480-f888-f05afa12ce8d
KXKLEAGUEGAME-25NOV09ULSSFC-TIE,2025-11-09T09:23:31.967342Z,0.85,50,no,260010d4-54fd-777a-fc2f-931b4e4471e0
KXKLEAGUEGAME-25NOV09ULSSFC-TIE,2025-11-09T09:23:31.816647Z,0.91,7,yes,ef059f67-1323-7e1e-8eb1-f213d8baad12
KXKLEAGUEGAME-25NOV09ULSSFC-TIE,2025-11-09T09:23:30.210447Z,0.85,25,no,2dadb6d8-62fd-728e-15c3-3ec91bffea4c
KXKLEAGUEGAME-25NOV09ULSSFC-TIE,2025-11-09T09:23:27.099824Z,0.85,10,no,a0408ea5-3895-776a-70ed-d7123359b64c
KXKLEAGUEGAME-25NOV09ULSSFC-TIE,2025-11-09T09:23:24.295626Z,0.79,205,no,902415fd-01e5-7809-f04b-0eacff074f91
KXKLEAGUEGAME-25NOV09ULSSFC-TIE,2025-11-09T09:23:23.168039Z,0.79,50,no,ce5853cd-284d-7f39-16fa-3b9723b14b3d
KXKLEAGUEGAME-25NOV09ULSSFC-TIE,2025-11-09T09:23:23.103468Z,0.85,32,yes,6e5cec0f-7f4a-7bd5-cef4-d0def960ef56
KXKLEAGUEGAME-25NOV09ULSSFC-TIE,2025-11-09T09:23:23.103468Z,0.8,5,yes,196ecda6-c4b8-7c4e-df0c-be038cf5096a
KXKLEAGUEGAME-25NOV09ULSSFC-TIE,2025-11-09T09:23:23.079022Z,0.79,37,no,fe6ba154-23c5-4975-2a1e-89753869d3a5
KXKLEAGUEGAME-25NOV09ULSSFC-TIE,2025-11-09T09:23:23.046784Z,0.75,37,yes,f8599b4d-59cc-619a-e9e2-2fdc5001d9d1
KXKLEAGUEGAME-25NOV09ULSSFC-TIE,2025-11-09T09:23:23.046784Z,0.79,27,yes,58175b60-2443-6684-d4d9-2f817bb46bc1
KXKLEAGUEGAME-25NOV09ULSSFC-TIE,2025-11-09T09:23:23.046784Z,0.62,19,yes,037e14b6-77f0-665b-d5cc-aec00e906df0
KXKLEAGUEGAME-25NOV09ULSSFC-TIE,2025-11-09T09:23:18.916165Z,0.57,174,yes,93ee7c3a-67b6-4c0f-7422-cf5806bae22d
KXKLEAGUEGAME-25NOV09ULSSFC-TIE,2025-11-09T09:23:18.916165Z,0.57,174,yes,7d5f9d52-c968-46c4-6175-45ba1476b6ba
KXKLEAGUEGAME-25NOV09ULSSFC-TIE,2025-11-09T09:23:18.916165Z,0.57,174,yes,14543611-c5c1-4521-4469-79d7b2f43ca8
KXKLEAGUEGAME-25NOV09ULSSFC-TIE,2025-11-09T09:23:18.916165Z,0.52,10,yes,09ab2c93-0721-42ee-4e61-2893751e41c0
KXKLEAGUEGAME-25NOV09ULSSFC-TIE,2025-11-09T09:22:52.648332Z,0.32,75,yes,85a4b556-ef6e-705f-9aa1-c821cc21fec3
KXKLEAGUEGAME-25NOV09ULSSFC-TIE,2025-11-09T09:22:52.266383Z,0.2,38,yes,9adeb857-3774-782b-440d-a2ba449b7010
KXKLEAGUEGAME-25NOV09ULSSFC-TIE,2025-11-09T09:21:01.526655Z,0.14,17,yes,c444cc2b-084f-4fcd-cd6b-2eb5f01685d4
KXKLEAGUEGAME-25NOV09ULSSFC-TIE,2025-11-09T09:21:01.526655Z,0.14,30,yes,c2fafc37-91f8-4913-d4d0-a369442a2719
KXKLEAGUEGAME-25NOV09ULSSFC-TIE,2025-11-09T09:21:01.526655Z,0.14,20,yes,32d850f5-ca66-4016-c24d-a536929e2229
KXKLEAGUEGAME-25NOV09ULSSFC-TIE,2025-11-09T09:18:10.70435Z,0.04,236,no,f930bc6f-815c-6699-2e3b-aec5c0721ff3
KXKLEAGUEGAME-25NOV09ULSSFC-TIE,2025-11-09T09:18:10.70435Z,0.02,200,no,a2f7eb83-3259-65ec-0440-d55b87b97136
KXKLEAGUEGAME-25NOV09ULSSFC-TIE,2025-11-09T09:18:10.70435Z,0.03,174,no,8aa1922a-b172-66dc-08b7-eb90b241102a
KXKLEAGUEGAME-25NOV09ULSSFC-TIE,2025-11-09T09:18:10.70435Z,0.02,50,no,432212cb-140e-66c3-19c6-ad76aa5b27eb
KXKLEAGUEGAME-25NOV09ULSSFC-TIE,2025-11-09T09:18:10.70435Z,0.03,174,no,0f883bd0-180a-615b-00a4-61b5d714a181
KXKLEAGUEGAME-25NOV09ULSSFC-TIE,2025-11-09T09:18:10.70435Z,0.03,174,no,0bfa7761-ea4d-617d-0da6-b33227e06181
KXKLEAGUEGAME-25NOV09ULSSFC-TIE,2025-11-09T09:18:10.70435Z,0.04,20,no,0155045c-05c9-6d67-164e-84ca6142efa4
KXKLEAGUEGAME-25NOV09ULSSFC-TIE,2025-11-09T09:17:49.627107Z,0.04,64,no,f5e4d1e4-64b8-467d-5ebc-64756feebc97
KXKLEAGUEGAME-25NOV09ULSSFC-TIE,2025-11-09T09:17:49.627107Z,0.05,38,no,d90fa2c5-ca9b-412d-5783-582f0968ec3b
KXKLEAGUEGAME-25NOV09ULSSFC-TIE,2025-11-09T09:17:43.123471Z,0.05,62,no,cd2f3bb8-4a53-7aa9-6de2-66a071221e07
KXKLEAGUEGAME-25NOV09ULSSFC-TIE,2025-11-09T09:17:43.123471Z,0.05,5,no,0271977d-6cdd-7732-4d59-274881024197
KXKLEAGUEGAME-25NOV09ULSSFC-TIE,2025-11-09T09:17:26.709791Z,0.06,136,no,90731b9f-40ba-5268-a816-6930eabf1962
KXKLEAGUEGAME-25NOV09ULSSFC-TIE,2025-11-09T09:17:26.709791Z,0.07,20,no,6eb72ac0-91d4-568f-a1e4-8adb40b5f3c4
KXKLEAGUEGAME-25NOV09ULSSFC-TIE,2025-11-09T09:17:22.457972Z,0.1,8,no,dc33009e-baeb-667f-7f11-ac38722e00cb
KXKLEAGUEGAME-25NOV09ULSSFC-TIE,2025-11-09T09:17:22.457972Z,0.08,99,no,d732bfca-2d04-6567-7c5b-d110d7fac5f1
KXKLEAGUEGAME-25NOV09ULSSFC-TIE,2025-11-09T09:17:18.81092Z,0.11,6,yes,a24d0ffb-7cc8-66e1-e914-a59ddb7b018b
KXKLEAGUEGAME-25NOV09ULSSFC-TIE,2025-11-09T09:17:18.127382Z,0.11,67,yes,0d25ccf9-3318-62dd-5980-2c187a5a9cb3
KXKLEAGUEGAME-25NOV09ULSSFC-TIE,2025-11-09T09:17:16.947633Z,0.1,2,no,9098cdad-e9cf-726f-34cb-59d3160194cb
KXKLEAGUEGAME-25NOV09ULSSFC-TIE,2025-11-09T09:17:16.947633Z,0.11,8,no,0ecf02f0-7203-790c-311c-7b7305e55550
KXKLEAGUEGAME-25NOV09ULSSFC-TIE,2025-11-09T09:17:14.811986Z,0.11,9,no,0d83d076-7a97-6138-1575-4c410cbfb270
KXKLEAGUEGAME-25NOV09ULSSFC-TIE,2025-11-09T09:17:14.803343Z,0.11,50,no,7bda4987-46a7-4834-ac07-ca74a280235c
KXKLEAGUEGAME-25NOV09ULSSFC-TIE,2025-11-09T09:16:27.937777Z,0.23,20,yes,d1b569e2-e98f-7627-0bf0-6b4a66af8f2e
KXKLEAGUEGAME-25NOV09ULSSFC-TIE,2025-11-09T09:15:53.530579Z,0.21,60,yes,f9d76389-4926-7987-c81f-7526439303b2
KXKLEAGUEGAME-25NOV09ULSSFC-TIE,2025-11-09T09:15:53.530579Z,0.21,11,yes,7fd8650d-0179-7fea-f663-a646d498be7a
KXKLEAGUEGAME-25NOV09ULSSFC-TIE,2025-11-09T09:15:53.530579Z,0.18,17,yes,582d9789-5df6-7a7a-ebf4-49114c56687a
KXKLEAGUEGAME-25NOV09ULSSFC-TIE,2025-11-09T09:11:56.941843Z,0.22,10,yes,488db637-6c8b-5ba7-0e10-6ef0e9ef5395
KXKLEAGUEGAME-25NOV09ULSSFC-TIE,2025-11-09T09:10:21.199009Z,0.31,50,yes,fdcfc71e-3377-426e-e57d-e470519183c6
KXKLEAGUEGAME-25NOV09ULSSFC-TIE,2025-11-09T09:10:21.199009Z,0.23,10,yes,519c2252-f7aa-4c6c-e849-08f2bfc27688
KXKLEAGUEGAME-25NOV09ULSSFC-TIE,2025-11-09T09:10:21.199009Z,0.36,39,yes,09d0f568-77a7-4379-ed5a-60a62e9d0a49
KXKLEAGUEGAME-25NOV09ULSSFC-TIE,2025-11-09T09:10:20.091384Z,0.23,20,yes,d5b16d4d-bc2a-4c6c-0cc9-1d9b933c2fc4
KXKLEAGUEGAME-25NOV09ULSSFC-TIE,2025-11-09T09:10:20.091384Z,0.23,20,yes,96cbb9d1-76a9-4a78-147a-e9e1ec5df260
KXKLEAGUEGAME-25NOV09ULSSFC-TIE,2025-11-09T09:09:11.515919Z,0.08,40,no,d9b91ec0-ca35-67ef-16c3-dea1534ede6f
KXKLEAGUEGAME-25NOV09ULSSFC-TIE,2025-11-09T09:07:47.738939Z,0.17,69,no,77b0ca7a-88b1-6609-7735-10431bdfed71
KXKLEAGUEGAME-25NOV09ULSSFC-TIE,2025-11-09T09:07:47.715588Z,0.17,71,yes,b4811cfe-81a4-484c-a303-d7e382d07afb
KXKLEAGUEGAME-25NOV09ULSSFC-TIE,2025-11-09T09:07:46.377905Z,0.13,5,no,827ac85f-dea1-465f-6788-b6f9342c0efd
KXKLEAGUEGAME-25NOV09ULSSFC-TIE,2025-11-09T09:07:46.377905Z,0.17,38,no,091d4b5e-098f-49b4-5914-dbb308524fee
KXKLEAGUEGAME-25NOV09ULSSFC-TIE,2025-11-09T09:07:14.116981Z,0.13,16,no,fec9c9b5-6474-6652-4385-34acdb0220da
KXKLEAGUEGAME-25NOV09ULSSFC-TIE,2025-11-09T09:07:14.116981Z,0.2,17,no,f3c86fac-689f-6a65-5377-006e9db4eed5
KXKLEAGUEGAME-25NOV09ULSSFC-TIE,2025-11-09T09:07:14.116981Z,0.13,92,no,e41e5bd4-c501-6451-7d11-52097c842110
KXKLEAGUEGAME-25NOV09ULSSFC-TIE,2025-11-09T09:07:14.116981Z,0.17,38,no,a3d6d6f4-e191-6af8-69c6-aa4b4918bd87
KXKLEAGUEGAME-25NOV09ULSSFC-TIE,2025-11-09T09:07:14.116981Z,0.14,92,no,1bc595a5-a305-694e-6d01-b92b07ad3dc1
KXKLEAGUEGAME-25NOV09ULSSFC-TIE,2025-11-09T09:07:14.116981Z,0.17,44,no,172db18b-147e-6761-5aa0-5e1680ffe67b
KXKLEAGUEGAME-25NOV09ULSSFC-TIE,2025-11-09T09:05:12.268941Z,0.16,21,no,ffa28914-0fe1-677f-cac0-413a619181e6
KXKLEAGUEGAME-25NOV09ULSSFC-TIE,2025-11-09T09:05:12.268941Z,0.16,25,no,75e5897e-7fc5-63c1-f464-851cde70469c
KXKLEAGUEGAME-25NOV09ULSSFC-TIE,2025-11-09T09:05:01.380147Z,0.15,13,no,83b68d2e-7b7f-4229-a2b8-299343ae179d
KXKLEAGUEGAME-25NOV09ULSSFC-TIE,2025-11-09T09:04:57.613575Z,0.34,8,yes,d9f669bb-6082-5543-b327-1c9a540d071d
KXKLEAGUEGAME-25NOV09ULSSFC-TIE,2025-11-09T09:04:54.777939Z,0.16,25,no,51fdfdec-450f-470e-f4f3-c1714993b2c9
KXKLEAGUEGAME-25NOV09ULSSFC-TIE,2025-11-09T09:04:54.777939Z,0.16,25,no,4f03f6e4-96c8-47e5-da65-0543feedef5c
KXKLEAGUEGAME-25NOV09ULSSFC-TIE,2025-11-09T09:04:00.772603Z,0.3,30,yes,fcbd8e56-e47c-5365-6074-63e3fd9ec7e0
KXKLEAGUEGAME-25NOV09ULSSFC-TIE,2025-11-09T09:04:00.772603Z,0.31,5,yes,7cad74bc-f3fc-5e25-7a7f-1ddaced79bba
KXKLEAGUEGAME-25NOV09ULSSFC-TIE,2025-11-09T09:04:00.772603Z,0.3,30,yes,6bec3d34-d818-581d-5c4f-ea7a3de3a6a0
KXKLEAGUEGAME-25NOV09ULSSFC-TIE,2025-11-09T09:04:00.772603Z,0.3,50,yes,3fc727ac-a246-5730-5215-6747e489afa7
KXKLEAGUEGAME-25NOV09ULSSFC-TIE,2025-11-09T09:04:00.772603Z,0.38,10,yes,38458d89-1e6a-5bdc-4d08-47667ecc832d
KXKLEAGUEGAME-25NOV09ULSSFC-TIE,2025-11-09T09:04:00.772603Z,0.29,7,yes,2e3f79a8-7ce2-5bcb-6177-7aa449c04294
KXKLEAGUEGAME-25NOV09ULSSFC-TIE,2025-11-09T09:04:00.772603Z,0.43,81,yes,2a5525ef-2c80-5edb-786c-4046d366c86f
KXKLEAGUEGAME-25NOV09ULSSFC-TIE,2025-11-09T09:01:46.399488Z,0.31,5,yes,c1a7e5f5-3130-46dd-0d07-ac058ef5d5be
KXKLEAGUEGAME-25NOV09ULSSFC-TIE,2025-11-09T09:01:30.839091Z,0.32,5,yes,17e7d150-2bf9-6d6a-5c52-fb7e0cc1bfe3
KXKLEAGUEGAME-25NOV09ULSSFC-TIE,2025-11-09T09:01:14.239724Z,0.09,4,no,cad7bfd2-2078-7121-8e8e-8b1ded803d54
KXKLEAGUEGAME-25NOV09ULSSFC-TIE,2025-11-09T08:59:32.170538Z,0.05,20,no,aa4fa80a-5031-739e-df47-c5e1f2f38643
KXKLEAGUEGAME-25NOV09ULSSFC-TIE,2025-11-09T08:59:32.170538Z,0.05,1,no,3180c06d-8127-7f7b-d300-b63330569d3b
KXKLEAGUEGAME-25NOV09ULSSFC-TIE,2025-11-09T08:59:23.182767Z,0.07,62,no,2fb450f0-8bad-79b0-7dc9-1360826a4946
KXKLEAGUEGAME-25NOV09ULSSFC-TIE,2025-11-09T08:59:17.50907Z,0.1,1,no,dd357c82-8224-5de7-432d-4014597d5e50
KXKLEAGUEGAME-25NOV09ULSSFC-TIE,2025-11-09T08:59:17.50907Z,0.12,10,no,abbb7bf4-9fff-5870-5214-2b69d6569f50
KXKLEAGUEGAME-25NOV09ULSSFC-TIE,2025-11-09T08:59:14.002473Z,0.13,10,no,8e1e4b10-5492-6a0d-2f50-34a41aeb4688
KXKLEAGUEGAME-25NOV09ULSSFC-TIE,2025-11-09T08:58:47.143086Z,0.18,20,no,9d5ccc52-03d6-4f87-5c09-20ed1f700f52
KXKLEAGUEGAME-25NOV09ULSSFC-TIE,2025-11-09T08:58:47.143086Z,0.18,33,no,26697eb0-16ad-4dc8-57c2-60cc7334cb18
KXKLEAGUEGAME-25NOV09ULSSFC-TIE,2025-11-09T08:58:00.721151Z,0.25,56,yes,772a85b6-959f-467d-df13-1d927b5f0c09
KXKLEAGUEGAME-25NOV09ULSSFC-TIE,2025-11-09T08:58:00.721151Z,0.24,20,yes,55e9b0f8-25a9-454e-f948-cb4d100de2c4
KXKLEAGUEGAME-25NOV09ULSSFC-TIE,2025-11-09T08:57:20.422972Z,0.28,10,no,367827a5-a56b-7b8d-5a54-ea5d4a1e2392
KXKLEAGUEGAME-25NOV09ULSSFC-TIE,2025-11-09T08:55:15.46064Z,0.21,20,no,7b1a310f-7175-4509-f8d0-f95ab7b9ad08
KXKLEAGUEGAME-25NOV09ULSSFC-TIE,2025-11-09T08:55:15.46064Z,0.21,4,no,1d3406c6-d003-42fa-e047-7136f7cadb35
KXKLEAGUEGAME-25NOV09ULSSFC-TIE,2025-11-09T08:54:57.918272Z,0.21,6,no,d4bebf34-fc67-77ce-410d-fd94f28fdaa9
KXKLEAGUEGAME-25NOV09ULSSFC-TIE,2025-11-09T08:53:11.869426Z,0.31,30,yes,b87f64e5-28af-7119-e064-3fd73398115a
KXKLEAGUEGAME-25NOV09ULSSFC-TIE,2025-11-09T08:53:11.869426Z,0.31,33,yes,8f5c8bf1-d3eb-7148-e0d5-ec6fb3155803
KXKLEAGUEGAME-25NOV09ULSSFC-TIE,2025-11-09T08:53:11.869426Z,0.31,76,yes,88bbce01-a96b-70a2-ee3c-cebe6d1e7a0b
KXKLEAGUEGAME-25NOV09ULSSFC-TIE,2025-11-09T08:53:11.869426Z,0.32,13,yes,4fb3ff21-5ec9-7a7a-f6d4-0157cfb2ca39
KXKLEAGUEGAME-25NOV09ULSSFC-TIE,2025-11-09T08:51:43.24987Z,0.19,7,no,ca62efd7-aa0c-6398-90b1-121c568d3d64
KXKLEAGUEGAME-25NOV09ULSSFC-TIE,2025-11-09T08:51:39.259471Z,0.31,10,yes,f698915e-02b4-6cda-de2f-64fc00c5ff8d
KXKLEAGUEGAME-25NOV09ULSSFC-TIE,2025-11-09T08:51:39.259471Z,0.31,11,yes,413d4bb4-db19-6e9d-c979-928b70d0d6b5
KXKLEAGUEGAME-25NOV09ULSSFC-TIE,2025-11-09T08:51:27.288759Z,0.31,43,yes,3f15c93e-c50d-55d5-3cb9-87371051f39a
KXKLEAGUEGAME-25NOV09ULSSFC-TIE,2025-11-09T08:51:06.856732Z,0.13,16,no,c8b45c79-8477-53c2-7c8f-50ec10eb9b2f
KXKLEAGUEGAME-25NOV09ULSSFC-TIE,2025-11-09T08:51:06.856732Z,0.14,10,no,546295a3-056e-5aba-6466-a0af5267fa79
KXKLEAGUEGAME-25NOV09ULSSFC-TIE,2025-11-09T08:50:30.338618Z,0.16,25,no,2c030baf-89ba-65c1-facc-4bed93bdb919
KXKLEAGUEGAME-25NOV09ULSSFC-TIE,2025-11-09T08:50:22.560682Z,0.2,1,no,d3eadfb6-0025-6688-75e9-c32f80b25fc2
KXKLEAGUEGAME-25NOV09ULSSFC-TIE,2025-11-09T08:50:22.560682Z,0.21,20,no,9214d8e5-5a69-6f59-5ae2-2a593ef7580f
KXKLEAGUEGAME-25NOV09ULSSFC-TIE,2025-11-09T08:48:48.504684Z,0.24,20,no,49d8bd66-40be-464f-328c-f8e51c40f111
KXKLEAGUEGAME-25NOV09ULSSFC-TIE,2025-11-09T08:48:35.317826Z,0.24,40,yes,ccb03a6e-336a-6fc8-cdc0-e5cae8970895
KXKLEAGUEGAME-25NOV09ULSSFC-TIE,2025-11-09T08:48:35.317826Z,0.25,27,yes,91cf2718-e7ff-6b9f-cd06-db94791ce77a
KXKLEAGUEGAME-25NOV09ULSSFC-TIE,2025-11-09T08:48:35.317826Z,0.24,30,yes,4203fa05-4af2-674a-c91c-d5a4a5f07b11
KXKLEAGUEGAME-25NOV09ULSSFC-TIE,2025-11-09T08:47:33.291465Z,0.2,8,no,4e45d7a2-38ee-5c70-997a-428875ba4712
KXKLEAGUEGAME-25NOV09ULSSFC-TIE,2025-11-09T08:46:47.324104Z,0.25,7,yes,968b88c3-992c-5616-5d10-843e5340c5f6
KXKLEAGUEGAME-25NOV09ULSSFC-TIE,2025-11-09T08:46:36.661773Z,0.25,11,yes,f6ac0054-8ca4-573e-6003-e61d8028ef4a
KXKLEAGUEGAME-25NOV09ULSSFC-TIE,2025-11-09T08:46:36.342829Z,0.16,46,no,7edde4c7-c7ee-7921-e66b-e1247ab59d41
KXKLEAGUEGAME-25NOV09ULSSFC-TIE,2025-11-09T08:46:31.3926Z,0.16,29,no,9236b857-ac72-52d1-7494-670099363535
KXKLEAGUEGAME-25NOV09ULSSFC-TIE,2025-11-09T08:45:45.5863Z,0.17,54,no,f054593d-8761-7cad-5668-04f4dd42dd9e
KXKLEAGUEGAME-25NOV09ULSSFC-TIE,2025-11-09T08:45:45.5863Z,0.18,81,no,8a3a3ebf-3d98-7c6a-5039-07b8e0bce83a
KXKLEAGUEGAME-25NOV09ULSSFC-TIE,2025-11-09T08:45:41.620305Z,0.27,19,yes,d3bb0041-fb6c-4aa1-8e74-4742a5af2458
KXKLEAGUEGAME-25NOV09ULSSFC-TIE,2025-11-09T08:45:41.620305Z,0.27,69,yes,a73d677e-5feb-4777-9186-ef23158aa139
KXKLEAGUEGAME-25NOV09ULSSFC-TIE,2025-11-09T08:45:04.64189Z,0.13,13,no,c54e9547-2809-4c8e-00a6-df6be5fad097
KXKLEAGUEGAME-25NOV09ULSSFC-TIE,2025-11-09T08:45:04.64189Z,0.15,1,no,766258d8-76e1-43d7-2a67-39277fd0cb96
KXKLEAGUEGAME-25NOV09ULSSFC-TIE,2025-11-09T08:45:03.935531Z,0.15,37,no,c6719ce0-aa8d-4f4f-da99-30be7d50eb0e
KXKLEAGUEGAME-25NOV09ULSSFC-TIE,2025-11-09T08:45:03.935531Z,0.15,50,no,2c9a86a6-4c65-4fbe-c942-3088e77ee315
KXKLEAGUEGAME-25NOV09ULSSFC-TIE,2025-11-09T08:45:03.890479Z,0.24,15,yes,d9640973-72b6-5c07-8006-0a50a3b2194d
KXKLEAGUEGAME-25NOV09ULSSFC-TIE,2025-11-09T08:45:03.890479Z,0.24,23,yes,2c03c230-f9e7-5559-a44e-2c8559b36a6f
KXKLEAGUEGAME-25NOV09ULSSFC-TIE,2025-11-09T08:44:52.875473Z,0.24,7,yes,724642ec-5daf-6f1d-d6c5-7981a8c8903f
KXKLEAGUEGAME-25NOV09ULSSFC-TIE,2025-11-09T08:44:18.380895Z,0.27,3,yes,7351c1e6-54bc-6e66-c338-898496003c47
KXKLEAGUEGAME-25NOV09ULSSFC-TIE,2025-11-09T08:42:59.758937Z,0.16,4,no,f2198d09-2dfe-50fb-81de-e902f2798fc4
KXKLEAGUEGAME-25NOV09ULSSFC-TIE,2025-11-09T08:42:59.758937Z,0.16,20,no,35f2b19f-c2d0-54eb-b59e-41fb63afac69
KXKLEAGUEGAME-25NOV09ULSSFC-TIE,2025-11-09T08:42:34.989935Z,0.15,2,no,cab48266-c229-5a14-25f7-e19bda3c86cb
KXKLEAGUEGAME-25NOV09ULSSFC-TIE,2025-11-09T08:42:34.688707Z,0.24,72,yes,b8424931-cc9f-77ad-5695-4691035c7509
KXKLEAGUEGAME-25NOV09ULSSFC-TIE,2025-11-09T08:42:34.688707Z,0.25,14,yes,41afaf61-78f5-7082-6060-9b0a46c712dd
KXKLEAGUEGAME-25NOV09ULSSFC-TIE,2025-11-09T08:42:34.688707Z,0.25,30,yes,2dac10d9-4795-7029-7c8d-142ffa44bb94
KXKLEAGUEGAME-25NOV09ULSSFC-TIE,2025-11-09T08:42:15.069592Z,0.23,50,yes,66ebd8d6-9777-43b5-db6d-3e55c65e7453
KXKLEAGUEGAME-25NOV09ULSSFC-TIE,2025-11-09T08:41:48.156239Z,0.28,17,yes,be969516-553d-5241-c56f-018de4a69596
KXKLEAGUEGAME-25NOV09ULSSFC-TIE,2025-11-09T08:41:07.204234Z,0.3,4,yes,ec201373-21af-4388-e570-d248ae789719
KXKLEAGUEGAME-25NOV09ULSSFC-TIE,2025-11-09T08:40:24.609159Z,0.21,18,no,d4bf983c-993c-6da0-b3f8-79d6ea3e5a7c
KXKLEAGUEGAME-25NOV09ULSSFC-TIE,2025-11-09T08:40:24.609159Z,0.21,18,no,60755a2a-e8fe-65ef-869a-addd26110691
KXKLEAGUEGAME-25NOV09ULSSFC-TIE,2025-11-09T08:40:24.269838Z,0.21,20,no,e14239c1-b952-5947-d8ac-b83f48026bf1
KXKLEAGUEGAME-25NOV09ULSSFC-TIE,2025-11-09T08:40:22.381542Z,0.49,63,yes,badee9d4-b6c2-634a-34b1-16325a1b7226
KXKLEAGUEGAME-25NOV09ULSSFC-TIE,2025-11-09T08:40:22.381542Z,0.55,53,yes,7981a632-8585-6274-2496-9ed619969638
KXKLEAGUEGAME-25NOV09ULSSFC-TIE,2025-11-09T08:40:18.012884Z,0.35,34,yes,bd773387-7d78-7785-69ba-2a69ec033e6f
KXKLEAGUEGAME-25NOV09ULSSFC-TIE,2025-11-09T08:40:18.012884Z,0.36,2,yes,a79c872c-0182-774f-5e9a-c83009660755
KXKLEAGUEGAME-25NOV09ULSSFC-TIE,2025-11-09T08:40:18.012884Z,0.34,10,yes,692ece0f-a18d-7101-4592-214d06d59c01
KXKLEAGUEGAME-25NOV09ULSSFC-TIE,2025-11-09T08:39:55.928245Z,0.24,7,yes,84e5c57b-4bae-4feb-99da-ef950a3b1e6e
KXKLEAGUEGAME-25NOV09ULSSFC-TIE,2025-11-09T08:39:27.716186Z,0.13,15,no,b8661eb8-6ac5-7ca8-35a7-5bd4b4f4329f
KXKLEAGUEGAME-25NOV09ULSSFC-TIE,2025-11-09T08:39:27.716186Z,0.16,1,no,00c78024-9212-7132-391c-287be2d406a4
KXKLEAGUEGAME-25NOV09ULSSFC-TIE,2025-11-09T08:39:21.530354Z,0.16,2,no,785d24db-ee3a-618a-f750-03cc9f77ca2c
KXKLEAGUEGAME-25NOV09ULSSFC-TIE,2025-11-09T08:39:11.733959Z,0.16,12,no,56c39eab-f3c2-589e-d036-65a17c92e468
KXKLEAGUEGAME-25NOV09ULSSFC-TIE,2025-11-09T08:39:11.733959Z,0.17,38,no,08399dd2-aeb5-5fd8-cab2-405d81cc623c
KXKLEAGUEGAME-25NOV09ULSSFC-TIE,2025-11-09T08:37:54.371289Z,0.32,59,yes,4e307718-f9c5-5d72-b507-703bae39bcbf
KXKLEAGUEGAME-25NOV09ULSSFC-TIE,2025-11-09T08:37:02.572738Z,0.07,113,no,d0934d47-11b5-49a6-8a70-2f77e9f9dfb3
KXKLEAGUEGAME-25NOV09ULSSFC-TIE,2025-11-09T08:37:02.572738Z,0.08,60,no,cf05cdd1-b07c-4ad4-9c31-58eb02b4836c
KXKLEAGUEGAME-25NOV09ULSSFC-TIE,2025-11-09T08:36:28.075747Z,0.1,21,no,ce3e4817-e44b-69bd-673c-9e78e91bd49e
KXKLEAGUEGAME-25NOV09ULSSFC-TIE,2025-11-09T08:36:28.075747Z,0.1,19,no,83875602-b6a9-647b-5248-7c138959432e
KXKLEAGUEGAME-25NOV09ULSSFC-TIE,2025-11-09T08:35:59.876253Z,0.1,30,no,da35a0ee-c823-40cd-ebcf-6cbeb39b196e
KXKLEAGUEGAME-25NOV09ULSSFC-TIE,2025-11-09T08:35:56.509468Z,0.1,49,no,410809b1-634b-4c31-800f-bc2b56d0699e
KXKLEAGUEGAME-25NOV09ULSSFC-TIE,2025-11-09T08:35:36.305795Z,0.17,70,no,d7b83eef-e863-6350-6570-bc9b5f6c5dc4
KXKLEAGUEGAME-25NOV09ULSSFC-TIE,2025-11-09T08:35:36.305795Z,0.17,118,no,ba15bbab-3e2c-6a57-4291-fc20abb7b62b
KXKLEAGUEGAME-25NOV09ULSSFC-TIE,2025-11-09T08:35:36.305795Z,0.2,10,no,254b45d5-1738-650a-7f85-0a3016f33c75
KXKLEAGUEGAME-25NOV09ULSSFC-TIE,2025-11-09T08:34:48.026648Z,0.45,8,yes,3f851278-8321-60a1-838c-68bf48e4a06c
KXKLEAGUEGAME-25NOV09ULSSFC-TIE,2025-11-09T08:33:55.309805Z,0.31,20,no,7b9bc05a-6554-7a48-1379-1d84239e63de
KXKLEAGUEGAME-25NOV09ULSSFC-TIE,2025-11-09T08:33:39.514277Z,0.53,3,yes,2d407fb6-0f9d-72cf-3a36-2c68fe1e7b81
KXKLEAGUEGAME-25NOV09ULSSFC-TIE,2025-11-09T08:33:39.514277Z,0.58,80,yes,20cdae6c-290d-7be1-2703-2c6ae05a1965
KXKLEAGUEGAME-25NOV09ULSSFC-TIE,2025-11-09T08:33:08.050646Z,0.33,10,no,30db65a1-728d-7054-04b9-921bf33cf09f
KXKLEAGUEGAME-25NOV09ULSSFC-TIE,2025-11-09T08:32:57.950738Z,0.42,43,yes,fd093504-6ffb-5b53-a5d1-6f61eb8cdbd5
KXKLEAGUEGAME-25NOV09ULSSFC-TIE,2025-11-09T08:32:57.950738Z,0.45,34,yes,e4f05624-4f9f-55c0-888f-374ab41ee86a
KXKLEAGUEGAME-25NOV09ULSSFC-TIE,2025-11-09T08:32:57.950738Z,0.46,28,yes,d5a7ceb2-7ee8-509a-a3ba-cd82e51d8f59
KXKLEAGUEGAME-25NOV09ULSSFC-TIE,2025-11-09T08:32:57.950738Z,0.45,7,yes,b9070603-e3ec-537f-8d7e-3f9e82529a16
KXKLEAGUEGAME-25NOV09ULSSFC-TIE,2025-11-09T08:32:57.950738Z,0.44,34,yes,a69b2152-2047-56c6-ac62-29cd21d9ec04
KXKLEAGUEGAME-25NOV09ULSSFC-TIE,2025-11-09T08:32:57.950738Z,0.47,35,yes,98249cb0-7d51-5747-96a9-03b2b3094bf8
KXKLEAGUEGAME-25NOV09ULSSFC-TIE,2025-11-09T08:32:57.950738Z,0.45,50,yes,7c6af125-2b6a-54a4-be1f-6d854bec82c5
KXKLEAGUEGAME-25NOV09ULSSFC-TIE,2025-11-09T08:32:57.950738Z,0.46,19,yes,279826df-c272-5646-a31f-e2c4f274bf04
KXKLEAGUEGAME-25NOV09ULSSFC-TIE,2025-11-09T08:32:57.950738Z,0.48,49,yes,19ed1b3a-d2c3-59e9-8364-11a00c3b481b
KXKLEAGUEGAME-25NOV09ULSSFC-TIE,2025-11-09T08:32:30.209764Z,0.33,20,no,1eb1940b-47b9-5894-6ff2-c4a638943633
KXKLEAGUEGAME-25NOV09ULSSFC-TIE,2025-11-09T08:32:08.853839Z,0.44,30,yes,b00e8494-de78-52c7-65f5-8187fc1952e9
KXKLEAGUEGAME-25NOV09ULSSFC-TIE,2025-11-09T08:32:08.853839Z,0.44,10,yes,aa92fea9-4dcf-509a-6928-5f98babc208c
KXKLEAGUEGAME-25NOV09ULSSFC-TIE,2025-11-09T08:32:08.853839Z,0.43,36,yes,7a9fcaaf-5d5e-5fb7-5c26-76d00a75f3a2
KXKLEAGUEGAME-25NOV09ULSSFC-TIE,2025-11-09T08:32:08.853839Z,0.45,41,yes,3d76f64d-7f99-5b67-4f5d-486bf3942cc0
KXKLEAGUEGAME-25NOV09ULSSFC-TIE,2025-11-09T08:32:08.853839Z,0.45,3,yes,33ef6b72-0434-5e53-75b2-d76fe1b3cdba
KXKLEAGUEGAME-25NOV09ULSSFC-TIE,2025-11-09T08:30:52.325397Z,0.44,4,yes,4819e5dd-736c-66f3-6a59-e04364b98499
KXKLEAGUEGAME-25NOV09ULSSFC-TIE,2025-11-09T08:30:11.856418Z,0.45,35,yes,dc9d21df-8ece-614f-8572-9b4c046e45ff
KXKLEAGUEGAME-25NOV09ULSSFC-TIE,2025-11-09T08:30:11.856418Z,0.46,7,yes,701eb6bf-cb08-61b2-9c7c-76b5ff35b135
KXKLEAGUEGAME-25NOV09ULSSFC-TIE,2025-11-09T08:29:56.773447Z,0.33,1,no,030d0a50-5b79-46a8-f509-ed3b5839ce87
KXKLEAGUEGAME-25NOV09ULSSFC-TIE,2025-11-09T08:29:34.662198Z,0.38,46,yes,d1d2fcc6-79e0-6ae6-a20c-2038e1df0a0a
KXKLEAGUEGAME-25NOV09ULSSFC-TIE,2025-11-09T08:29:34.662198Z,0.42,30,yes,621e19f2-b1cb-6994-8fff-dddc4eebe2d0
KXKLEAGUEGAME-25NOV09ULSSFC-TIE,2025-11-09T08:29:34.662198Z,0.37,46,yes,54796389-4a8c-6634-b16a-bfccdbf95f91
KXKLEAGUEGAME-25NOV09ULSSFC-TIE,2025-11-09T08:29:34.662198Z,0.36,46,yes,4675d37b-b1d5-63fb-8d64-2160e988c818
KXKLEAGUEGAME-25NOV09ULSSFC-TIE,2025-11-09T08:29:34.662198Z,0.36,30,yes,3f039188-5480-6c5f-9fc1-c7be2039abca
KXKLEAGUEGAME-25NOV09ULSSFC-TIE,2025-11-09T08:27:52.742699Z,0.37,5,yes,16029dc1-9f1e-685a-21fd-8eff2abbbf25
KXKLEAGUEGAME-25NOV09ULSSFC-TIE,2025-11-09T08:27:25.166448Z,0.37,10,yes,b9c7c455-280e-636a-cf65-03f1485978f1
KXKLEAGUEGAME-25NOV09ULSSFC-TIE,2025-11-09T08:26:44.14688Z,0.5,3,yes,1bb5bd58-15ad-6187-a270-6304aca0366d
KXKLEAGUEGAME-25NOV09ULSSFC-TIE,2025-11-09T08:26:34.047814Z,0.45,21,yes,c3d624d0-9595-7fe6-9a9e-341ca704a9ec
KXKLEAGUEGAME-25NOV09ULSSFC-TIE,2025-11-09T08:26:09.552296Z,0.45,19,yes,2309bc70-77d2-5850-80a0-81eb255a7605
KXKLEAGUEGAME-25NOV09ULSSFC-TIE,2025-11-09T08:26:08.687905Z,0.45,2,yes,9306e519-1052-69b0-4c85-695ebecddfad
KXKLEAGUEGAME-25NOV09ULSSFC-TIE,2025-11-09T08:25:50.268371Z,0.41,16,yes,e607d8f2-f400-44c3-cf85-79ccbc642b45
KXKLEAGUEGAME-25NOV09ULSSFC-TIE,2025-11-09T08:25:50.268371Z,0.45,10,yes,daa72259-d904-4d86-dfba-20ed764f78af
KXKLEAGUEGAME-25NOV09ULSSFC-TIE,2025-11-09T08:25:50.268371Z,0.43,17,yes,cfb79d90-6b21-4570-d78f-9cbfa90d151c
KXKLEAGUEGAME-25NOV09ULSSFC-TIE,2025-11-09T08:25:50.268371Z,0.52,20,yes,18dc2031-c2c0-4986-fe2d-659652ac4a96
KXKLEAGUEGAME-25NOV09ULSSFC-TIE,2025-11-09T08:25:11.516254Z,0.45,20,yes,84a5c78a-bbc7-5846-4920-22def76d1559
KXKLEAGUEGAME-25NOV09ULSSFC-TIE,2025-11-09T08:25:11.516254Z,0.44,88,yes,42856084-f34a-5750-4f84-d06421d0dc25
KXKLEAGUEGAME-25NOV09ULSSFC-TIE,2025-11-09T08:25:00.545279Z,0.44,13,yes,559034e6-6dc6-5aa8-1eb6-3726dbb725d9
KXKLEAGUEGAME-25NOV09ULSSFC-TIE,2025-11-09T08:24:58.950034Z,0.44,10,yes,c6ddd21a-782e-4734-6751-708fca1f55bd
KXKLEAGUEGAME-25NOV09ULSSFC-TIE,2025-11-09T08:24:57.999434Z,0.35,30,no,55b728c7-d55e-6f3c-a3c2-5b0a9be21f78
KXKLEAGUEGAME-25NOV09ULSSFC-TIE,2025-11-09T08:24:08.991682Z,0.44,43,yes,ece99be4-6aae-6a78-297a-329d45c6a7f1
KXKLEAGUEGAME-25NOV09ULSSFC-TIE,2025-11-09T08:23:47.576619Z,0.4,36,yes,f365211f-cb58-4df6-9762-a48d9a07a839
KXKLEAGUEGAME-25NOV09ULSSFC-TIE,2025-11-09T08:23:47.576619Z,0.4,30,yes,89d45692-b76f-4a2d-81c8-59f5737a7e93
KXKLEAGUEGAME-25NOV09ULSSFC-TIE,2025-11-09T08:23:47.576619Z,0.39,58,yes,5a0b28fe-72ab-4eb0-b0d3-cde88f5c94c0
KXKLEAGUEGAME-25NOV09ULSSFC-TIE,2025-11-09T08:22:53.260504Z,0.44,2,yes,f87986ec-4036-75a4-fb82-96b23681cdf1
KXKLEAGUEGAME-25NOV09ULSSFC-TIE,2025-11-09T08:22:38.424585Z,0.44,21,yes,43a54fcd-45f6-50d8-9429-0193a8a69c5d
KXKLEAGUEGAME-25NOV09ULSSFC-TIE,2025-11-09T08:22:32.953293Z,0.44,32,yes,9d5350bd-581e-6bd0-064e-08649bdf7969
KXKLEAGUEGAME-25NOV09ULSSFC-TIE,2025-11-09T08:22:25.931446Z,0.44,10,yes,4f24a878-e73e-7129-32dc-ef5bacf474a9
KXKLEAGUEGAME-25NOV09ULSSFC-TIE,2025-11-09T08:21:20.68085Z,0.44,21,yes,f090774e-1408-79a5-42a8-63fc055bb5eb
KXKLEAGUEGAME-25NOV09ULSSFC-TIE,2025-11-09T08:21:08.927346Z,0.44,21,yes,32344e0d-4e3e-563b-c111-28486a9ca2af
KXKLEAGUEGAME-25NOV09ULSSFC-TIE,2025-11-09T08:19:23.602592Z,0.45,50,yes,faf9bbf8-eea7-6feb-8da1-886421f4ccdd
KXKLEAGUEGAME-25NOV09ULSSFC-TIE,2025-11-09T08:19:23.602592Z,0.44,19,yes,ed8965c0-3c36-6aec-beba-0c0efee99e3c
KXKLEAGUEGAME-25NOV09ULSSFC-TIE,2025-11-09T08:19:23.602592Z,0.46,35,yes,73efdb25-814c-603e-ab3a-e4f4355663e3
KXKLEAGUEGAME-25NOV09ULSSFC-TIE,2025-11-09T08:19:23.602592Z,0.45,35,yes,69cbad37-4b49-6f00-8b85-fa7fcc7579b7
KXKLEAGUEGAME-25NOV09ULSSFC-TIE,2025-11-09T08:19:23.602592Z,0.47,35,yes,31cc75b2-8a05-62fe-9ecf-0e00adca2539
KXKLEAGUEGAME-25NOV09ULSSFC-TIE,2025-11-09T08:19:23.602592Z,0.49,35,yes,23392e06-d1eb-6a62-bc29-bdf06bd49c6e
KXKLEAGUEGAME-25NOV09ULSSFC-TIE,2025-11-09T08:19:21.939061Z,0.44,15,yes,5b6d304d-0696-538c-4ee2-b0ac9caa2ba8
KXKLEAGUEGAME-25NOV09ULSSFC-TIE,2025-11-09T08:19:18.260049Z,0.44,1,yes,9139860d-062a-6de0-2e9a-c9a6a3ca1c68
KXKLEAGUEGAME-25NOV09ULSSFC-TIE,2025-11-09T08:18:21.705088Z,0.43,15,no,7e94bfe7-4286-76f3-2d98-4ef9a2e4c0a2
KXKLEAGUEGAME-25NOV09ULSSFC-TIE,2025-11-09T08:18:08.616834Z,0.5,46,yes,ccdd5bde-9fa6-75c3-737f-e6d3ad6fc24b
KXKLEAGUEGAME-25NOV09ULSSFC-TIE,2025-11-09T08:18:08.616834Z,0.5,36,yes,a550ba5e-0711-7432-694e-f06fff82c697
KXKLEAGUEGAME-25NOV09ULSSFC-TIE,2025-11-09T08:18:08.616834Z,0.49,45,yes,7b11a151-5343-7aeb-7579-b79d46c89487
KXKLEAGUEGAME-25NOV09ULSSFC-TIE,2025-11-09T08:18:08.616834Z,0.47,46,yes,025befb2-ef60-72af-5286-a7b0ed8697fa
KXKLEAGUEGAME-25NOV09ULSSFC-TIE,2025-11-09T08:17:47.139583Z,0.51,25,yes,d85558a3-0c0c-6d58-77ae-0b016775492e
KXKLEAGUEGAME-25NOV09ULSSFC-TIE,2025-11-09T08:17:47.139583Z,0.5,40,yes,d043ed88-9380-6dc1-7dec-baf85b234bc8
KXKLEAGUEGAME-25NOV09ULSSFC-TIE,2025-11-09T08:17:47.139583Z,0.41,41,yes,c0467cae-5d19-634d-6a60-a541ef2a9705
KXKLEAGUEGAME-25NOV09ULSSFC-TIE,2025-11-09T08:17:47.139583Z,0.42,41,yes,9e4d6111-83f0-6057-6765-1896907eb1c6
KXKLEAGUEGAME-25NOV09ULSSFC-TIE,2025-11-09T08:17:47.139583Z,0.42,30,yes,9decbd6f-f814-6a73-5a55-b63e899d0fea
KXKLEAGUEGAME-25NOV09ULSSFC-TIE,2025-11-09T08:17:47.139583Z,0.47,40,yes,995ee1ca-11f7-6e18-7ced-35971041ba53
KXKLEAGUEGAME-25NOV09ULSSFC-TIE,2025-11-09T08:17:47.139583Z,0.5,47,yes,85bb9ce4-6601-6401-56da-2e4e49cb3e38
KXKLEAGUEGAME-25NOV09ULSSFC-TIE,2025-11-09T08:17:47.139583Z,0.45,50,yes,7c4d6153-0531-6f34-496c-1c967b7de422
KXKLEAGUEGAME-25NOV09ULSSFC-TIE,2025-11-09T08:17:47.139583Z,0.44,40,yes,7399d1d4-6e46-657f-5cc8-564941a3adb3
KXKLEAGUEGAME-25NOV09ULSSFC-TIE,2025-11-09T08:17:47.139583Z,0.45,40,yes,65a75a14-7938-615e-5e25-f1a261bf2dda
KXKLEAGUEGAME-25NOV09ULSSFC-TIE,2025-11-09T08:17:47.139583Z,0.46,40,yes,4be3bba1-17f8-64dd-5e23-010de6fffdfd
KXKLEAGUEGAME-25NOV09ULSSFC-TIE,2025-11-09T08:17:47.139583Z,0.43,39,yes,38a95b45-49de-6fa3-54c0-d5d5178fe15c
KXKLEAGUEGAME-25NOV09ULSSFC-TIE,2025-11-09T08:17:40.414283Z,0.32,5,no,6941f407-51a1-5e12-3b84-e101250a2372
KXKLEAGUEGAME-25NOV09ULSSFC-TIE,2025-11-09T08:16:03.718392Z,0.38,12,yes,bdd091c8-d353-7c57-fdc3-24cf89666dfb
KXKLEAGUEGAME-25NOV09ULSSFC-TIE,2025-11-09T08:16:01.188388Z,0.38,30,yes,e4c1c42d-ba9f-66a5-d4a9-69888c3be0aa
KXKLEAGUEGAME-25NOV09ULSSFC-TIE,2025-11-09T08:16:01.188388Z,0.39,36,yes,a76f0240-966c-62c3-d93b-41dcc918ddae
KXKLEAGUEGAME-25NOV09ULSSFC-TIE,2025-11-09T08:16:01.188388Z,0.4,10,yes,7e6cdb0b-f0cc-60a5-f98e-18f1453373bc
KXKLEAGUEGAME-25NOV09ULSSFC-TIE,2025-11-09T08:16:01.188388Z,0.38,36,yes,3555ac85-4ee5-6863-f51e-cff6a37c50ef
KXKLEAGUEGAME-25NOV09ULSSFC-TIE,2025-11-09T08:15:56.056503Z,0.25,4,no,99ce6494-7410-4d1a-e534-ad9fbcb0325f
KXKLEAGUEGAME-25NOV09ULSSFC-TIE,2025-11-09T08:15:15.322438Z,0.37,2,yes,2ef2eda4-e40a-4582-16b9-693f4a036fa7
KXKLEAGUEGAME-25NOV09ULSSFC-TIE,2025-11-09T08:14:41.285035Z,0.37,12,yes,eaa82994-0d36-794a-e7b7-57fd0c14ef9f
KXKLEAGUEGAME-25NOV09ULSSFC-TIE,2025-11-09T08:13:29.339138Z,0.45,2,yes,e2cfbd45-ab26-4810-fb90-87d31df4d53b
KXKLEAGUEGAME-25NOV09ULSSFC-TIE,2025-11-09T08:13:25.547728Z,0.57,10,yes,c5e74efe-a277-6a85-531e-f88807883fad
KXKLEAGUEGAME-25NOV09ULSSFC-TIE,2025-11-09T08:13:25.547728Z,0.67,1,yes,c32d7777-5158-6aa8-50b4-659e16215752
KXKLEAGUEGAME-25NOV09ULSSFC-TIE,2025-11-09T08:13:25.547728Z,0.38,39,yes,68e55002-9358-66f7-708b-b948cd6f269f
KXKLEAGUEGAME-25NOV09ULSSFC-TIE,2025-11-09T08:13:25.547728Z,0.62,39,yes,61b7fd79-cc81-6b80-53d9-a0cdc0e3d794
KXKLEAGUEGAME-25NOV09ULSSFC-TIE,2025-11-09T08:13:25.547728Z,0.37,39,yes,4f1ec858-01aa-616c-4a99-2384bdc3e573
KXKLEAGUEGAME-25NOV09ULSSFC-TIE,2025-11-09T08:13:25.547728Z,0.37,30,yes,3bd017e1-4b02-64b4-7b3f-3a365e70f9c1
KXKLEAGUEGAME-25NOV09ULSSFC-TIE,2025-11-09T08:13:25.547728Z,0.39,39,yes,274baf86-17c4-673d-72ce-5a43ad4a9614
KXKLEAGUEGAME-25NOV09ULSSFC-TIE,2025-11-09T08:13:11.592939Z,0.36,17,yes,d8c8f39d-57f0-6884-2cf2-aafc38a45dce
KXKLEAGUEGAME-25NOV09ULSSFC-TIE,2025-11-09T08:13:11.592939Z,0.36,41,yes,75a5508f-d74e-6947-1b23-9f46bf85f822
KXKLEAGUEGAME-25NOV09ULSSFC-TIE,2025-11-09T08:12:56.525203Z,0.36,1,yes,09362b58-2d96-6583-dae5-50f9af7f336e
KXKLEAGUEGAME-25NOV09ULSSFC-TIE,2025-11-09T08:12:22.016066Z,0.36,26,yes,4510da2c-a1e3-5405-f7e5-ca368d5728a0
KXKLEAGUEGAME-25NOV09ULSSFC-TIE,2025-11-09T08:12:20.580319Z,0.36,1,yes,00e73553-731f-49b1-cae6-c2aaa4708dec
KXKLEAGUEGAME-25NOV09ULSSFC-TIE,2025-11-09T08:11:52.875736Z,0.36,13,yes,cb9ced7d-b8a9-7b46-1a29-4fbd64e82334
KXKLEAGUEGAME-25NOV09ULSSFC-TIE,2025-11-09T08:10:03.619564Z,0.31,10,no,91f68927-4786-562f-bcf8-e1aea3861525
KXKLEAGUEGAME-25NOV09ULSSFC-TIE,2025-11-09T08:10:03.619564Z,0.31,1,no,426c6fb0-2d8a-5daf-adc2-4fcb53d6ea8b
KXKLEAGUEGAME-25NOV09ULSSFC-TIE,2025-11-09T08:08:51.987137Z,0.3,44,no,d9eb63f2-12ec-6291-4fd1-d21f91188c37
KXKLEAGUEGAME-25NOV09ULSSFC-TIE,2025-11-09T08:08:51.987137Z,0.31,6,no,03d50782-dea2-6fef-5d89-57cfe60b63dd
KXKLEAGUEGAME-25NOV09ULSSFC-TIE,2025-11-09T08:08:46.218941Z,0.31,1,no,6569814b-1776-67b7-d969-d1dce7a7dd55
KXKLEAGUEGAME-25NOV09ULSSFC-TIE,2025-11-09T08:08:36.966233Z,0.35,53,yes,97b88431-0974-76fc-3e7d-e20d3c33893d
KXKLEAGUEGAME-25NOV09ULSSFC-TIE,2025-11-09T08:08:36.966233Z,0.35,1,yes,0ad78ca1-1698-7e10-11bf-45213f5da0fe
KXKLEAGUEGAME-25NOV09ULSSFC-TIE,2025-11-09T08:08:09.016528Z,0.35,30,yes,ed8a3f40-9306-4a82-2964-d30285befa4f
KXKLEAGUEGAME-25NOV09ULSSFC-TIE,2025-11-09T08:08:09.016528Z,0.35,57,yes,b3eae65d-0500-4ed6-1ab3-6fa467ac425a
KXKLEAGUEGAME-25NOV09ULSSFC-TIE,2025-11-09T08:08:09.016528Z,0.36,48,yes,8baa50f1-989b-4190-2093-44d0f19a2466
KXKLEAGUEGAME-25NOV09ULSSFC-TIE,2025-11-09T08:07:24.899232Z,0.32,1,no,a6a2479d-04c2-6da1-6ca1-e706196fe5bf
KXKLEAGUEGAME-25NOV09ULSSFC-TIE,2025-11-09T08:07:06.61811Z,0.31,3,no,89b05cbf-ad4a-6253-03b0-c2d8f18e8999
KXKLEAGUEGAME-25NOV09ULSSFC-TIE,2025-11-09T08:05:28.329747Z,0.34,27,yes,a9edeb3e-e28b-5580-8e2d-ca695fd24839
KXKLEAGUEGAME-25NOV09ULSSFC-TIE,2025-11-09T08:05:28.329747Z,0.35,13,yes,02e242b9-1613-5d00-81f8-df1db4c9d144
KXKLEAGUEGAME-25NOV09ULSSFC-TIE,2025-11-09T08:05:15.532897Z,0.41,23,yes,ad24bf3d-073d-46cd-8b08-bc422f136ffc
KXKLEAGUEGAME-25NOV09ULSSFC-TIE,2025-11-09T08:05:02.97405Z,0.47,2,yes,8c1c9295-7b97-70e6-8cc0-f6539a6c0931
KXKLEAGUEGAME-25NOV09ULSSFC-TIE,2025-11-09T08:04:58.026736Z,0.28,2,no,07332e6f-3e53-7e1d-66f5-0035dccc16f1
KXKLEAGUEGAME-25NOV09ULSSFC-TIE,2025-11-09T08:04:58.024545Z,0.29,20,no,05407044-9424-7f2d-1ffe-1f4a131f9afb
KXKLEAGUEGAME-25NOV09ULSSFC-TIE,2025-11-09T08:03:18.678926Z,0.33,30,yes,8773012c-c1af-4f94-1f8f-405a765b27db
KXKLEAGUEGAME-25NOV09ULSSFC-TIE,2025-11-09T08:03:18.678926Z,0.33,47,yes,64c5938d-883a-4658-0350-efd2ceb74b1b
KXKLEAGUEGAME-25NOV09ULSSFC-TIE,2025-11-09T08:03:18.678926Z,0.34,6,yes,4753301b-6ee1-472c-2db3-258765f0fe6d
KXKLEAGUEGAME-25NOV09ULSSFC-TIE,2025-11-09T08:02:36.124163Z,0.42,22,yes,72687ce0-dd2b-4065-29f9-ad9bf946537d
KXKLEAGUEGAME-25NOV09ULSSFC-TIE,2025-11-09T08:01:41.582953Z,0.4,15,yes,c8ea44e7-e1ac-6af7-caa2-cecfee47b2b3
KXKLEAGUEGAME-25NOV09ULSSFC-TIE,2025-11-09T08:01:41.582953Z,0.4,30,yes,41b3970c-f49c-6093-fbd7-f4fc3fb23ace
KXKLEAGUEGAME-25NOV09ULSSFC-TIE,2025-11-09T08:00:14.600904Z,0.21,9,no,8b8b5e4b-93ff-70ce-c11e-3fe2ea942109
KXKLEAGUEGAME-25NOV09ULSSFC-TIE,2025-11-09T07:59:48.778066Z,0.31,156,yes,1946edba-1bec-79fc-8df5-35db5b3c6425
KXKLEAGUEGAME-25NOV09ULSSFC-TIE,2025-11-09T07:58:51.260713Z,0.31,30,yes,e70427b5-9e60-5f64-953e-24a7685a40fd
KXKLEAGUEGAME-25NOV09ULSSFC-TIE,2025-11-09T07:56:44.536223Z,0.28,141,yes,1890a844-f1d1-5bc8-0c3e-61f445dfc3af
KXKLEAGUEGAME-25NOV09ULSSFC-TIE,2025-11-09T07:56:44.483023Z,0.28,306,yes,c7b0160b-24a1-5a38-2685-775900636287
KXKLEAGUEGAME-25NOV09ULSSFC-TIE,2025-11-09T07:55:11.954101Z,0.28,51,yes,e3e56b6b-a038-7f2c-21bd-c944ca44df1f
KXKLEAGUEGAME-25NOV09ULSSFC-TIE,2025-11-09T07:46:11.765957Z,0.28,6,yes,f9187090-0500-4176-1d99-4dfd5a8ad17b
KXKLEAGUEGAME-25NOV09ULSSFC-TIE,2025-11-09T07:45:47.735836Z,0.29,29,yes,85ec01b5-e3ee-54fc-5890-da68c250d0bd
KXKLEAGUEGAME-25NOV09ULSSFC-TIE,2025-11-09T07:45:09.722338Z,0.28,11,yes,f953e3ff-6029-7e59-ef8a-e91edc8fe9cc
KXKLEAGUEGAME-25NOV09ULSSFC-TIE,2025-11-09T07:44:36.67899Z,0.28,17,yes,288388cd-946d-5d8d-1238-64e4c20c28e8
KXKLEAGUEGAME-25NOV09ULSSFC-TIE,2025-11-09T07:44:22.670716Z,0.29,263,yes,7ad307cc-22cb-6163-5f1d-b218a13240fb
KXKLEAGUEGAME-25NOV09ULSSFC-TIE,2025-11-09T07:44:22.670716Z,0.29,4,yes,5026b16a-0702-688d-478d-8874bfe89af4
KXKLEAGUEGAME-25NOV09ULSSFC-TIE,2025-11-09T07:44:22.670716Z,0.3,22,yes,2b6e4fd2-2879-6aec-5ddd-c23f84c2f306
KXKLEAGUEGAME-25NOV09ULSSFC-TIE,2025-11-09T07:44:22.670716Z,0.29,38,yes,067e46fd-5c22-6fde-526d-7f2f619f98ad
KXKLEAGUEGAME-25NOV09ULSSFC-TIE,2025-11-09T07:44:19.080411Z,0.29,6,yes,557c2da3-4ae2-5ca9-c455-aed1fe73605c
KXKLEAGUEGAME-25NOV09ULSSFC-TIE,2025-11-09T07:42:50.721222Z,0.26,10,no,c391099d-f1fb-6c3a-118a-ea262286e7d9
KXKLEAGUEGAME-25NOV09ULSSFC-TIE,2025-11-09T07:21:17.578679Z,0.24,9,yes,d1e58761-fff4-42da-fc24-341b4bbb4b7f
KXKLEAGUEGAME-25NOV09ULSSFC-TIE,2025-11-09T07:21:17.578679Z,0.25,10,yes,0d82021c-61d8-408e-e8e2-37cde28023e5
KXKLEAGUEGAME-25NOV09ULSSFC-TIE,2025-11-09T07:12:58.871173Z,0.25,380,yes,d39a68c8-b26e-7cbd-7431-8d4ebb3a3a8e
KXKLEAGUEGAME-25NOV09ULSSFC-TIE,2025-11-09T07:11:02.384466Z,0.25,3,yes,d3c3a22b-dc34-761d-cad5-ddd2d70bfe19
KXKLEAGUEGAME-25NOV09ULSSFC-TIE,2025-11-09T07:09:00.473732Z,0.25,19,yes,53bb8375-c174-7056-df7e-79be8a9cba38
KXKLEAGUEGAME-25NOV09ULSSFC-TIE,2025-11-09T07:08:09.868441Z,0.25,2,yes,77ab543e-6e24-68ee-ba9b-fe49231ce1a0
KXKLEAGUEGAME-25NOV09ULSSFC-TIE,2025-11-09T06:59:40.312Z,0.25,50,yes,66903c62-7421-680b-679f-8a893b1f32d1
KXKLEAGUEGAME-25NOV09ULSSFC-TIE,2025-11-09T06:42:26.637405Z,0.25,76,yes,cb388533-2a09-5a0d-d235-2c1d6c4b2b6c
KXKLEAGUEGAME-25NOV09ULSSFC-TIE,2025-11-09T06:38:32.1094Z,0.24,1,yes,be724389-2668-54e7-9950-e7f203746972
KXKLEAGUEGAME-25NOV09ULSSFC-TIE,2025-11-09T06:09:01.24707Z,0.22,11,no,d2c0686f-bebc-77a0-eac1-14769c4555b8
KXKLEAGUEGAME-25NOV09ULSSFC-TIE,2025-11-09T05:59:45.171761Z,0.24,14,yes,3153c0d6-293a-7a77-4887-d62b92967a40
