ticker,created_time,price,count,taker_side,trade_id
KXKLEAGUEGAME-25NOV08DAGGWA-TIE,2025-11-08T06:54:06.224234Z,0.01,67,no,fd0b2e7b-046c-6374-cb6c-a1e5fd9e5556
KXKLEAGUEGAME-25NOV08DAGGWA-TIE,2025-11-08T06:54:06.224234Z,0.01,522,no,754a60ba-02a1-6ef8-cd29-c3078c30caf8
KXKLEAGUEGAME-25NOV08DAGGWA-TIE,2025-11-08T06:54:06.224234Z,0.01,200,no,7088358e-2337-6fd8-c7b2-e1bd05c59962
KXKLEAGUEGAME-25NOV08DAGGWA-TIE,2025-11-08T06:54:06.224234Z,0.01,200,no,22fe3229-bb63-610f-d8cc-f18d74f0b3aa
KXKLEAGUEGAME-25NOV08DAGGWA-TIE,2025-11-08T06:54:03.958188Z,0.02,130,no,9e304204-965e-6825-3a72-41b6b65c485e
KXKLEAGUEGAME-25NOV08DAGGWA-TIE,2025-11-08T06:54:03.958188Z,0.02,2500,no,4d0043bf-6820-63d3-16f1-6de1b572201d
KXKLEAGUEGAME-25NOV08DAGGWA-TIE,2025-11-08T06:53:34.692451Z,0.02,23,no,f454ee71-653a-745d-1e64-5721a9e8fb32
KXKLEAGUEGAME-25NOV08DAGGWA-TIE,2025-11-08T06:52:13.462036Z,0.02,111,no,629a748a-2bea-5be5-f928-b1486d9f5052
KXKLEAGUEGAME-25NOV08DAGGWA-TIE,2025-11-08T06:51:42.390168Z,0.02,13,no,fce9920f-2e0a-5bd5-d393-0e4a6299c3da
KXKLEAGUEGAME-25NOV08DAGGWA-TIE,2025-11-08T06:51:20.159642Z,0.02,113,no,c14a1957-c552-7249-b5c4-e66fd45e0a46
KXKLEAGUEGAME-25NOV08DAGGWA-TIE,2025-11-08T06:51:15.394684Z,0.02,1,no,797765e1-3352-7d6d-fad3-b77cbe46d75a
KXKLEAGUEGAME-25NOV08DAGGWA-TIE,2025-11-08T06:50:44.55405Z,0.04,201,no,d0d3a0b3-d200-6ff7-6056-1e148f3fad5b
KXKLEAGUEGAME-25NOV08DAGGWA-TIE,2025-11-08T06:50:44.55405Z,0.03,200,no,c99c64f3-ce95-64e2-7092-29330d99b32b
KXKLEAGUEGAME-25NOV08DAGGWA-TIE,2025-11-08T06:50:44.55405Z,0.02,109,no,100b2f15-5cee-6c11-5d29-d9dda9a9fe3a
KXKLEAGUEGAME-25NOV08DAGGWA-TIE,2025-11-08T06:50:39.661698Z,0.04,61,no,249fee6c-18a4-742b-5a83-6cfe00c84e23
KXKLEAGUEGAME-25NOV08DAGGWA-TIE,2025-11-08T06:50:35.027751Z,0.06,9,no,b6fdf924-7b14-409f-e4ef-e64d5f9ae5ed
KXKLEAGUEGAME-25NOV08DAGGWA-TIE,2025-11-08T06:50:35.027751Z,0.1,35,no,aeba58ea-2bb9-4ad0-eaa7-4624eef2b5c1
KXKLEAGUEGAME-25NOV08DAGGWA-TIE,2025-11-08T06:50:35.027751Z,0.04,38,no,7a946d84-b874-49ef-f693-2b94549fb0f3
KXKLEAGUEGAME-25NOV08DAGGWA-TIE,2025-11-08T06:50:35.027751Z,0.11,260,no,6291e33a-eec4-4fb5-fc42-801339ec783f
KXKLEAGUEGAME-25NOV08DAGGWA-TIE,2025-11-08T06:50:33.129699Z,0.11,41,no,0d15e729-5398-52c1-077f-44bd81086033
KXKLEAGUEGAME-25NOV08DAGGWA-TIE,2025-11-08T06:50:30.447822Z,0.11,80,no,64b1bafc-1880-4001-635a-8edb637fd133
KXKLEAGUEGAME-25NOV08DAGGWA-TIE,2025-11-08T06:50:29.684846Z,0.11,58,no,4b23a2a6-16f0-7755-708d-1126fd61961f
KXKLEAGUEGAME-25NOV08DAGGWA-TIE,2025-11-08T06:50:26.297322Z,0.11,2,no,f5e70e30-1024-7491-dac5-f520b298efd7
KXKLEAGUEGAME-25NOV08DAGGWA-TIE,2025-11-08T06:50:24.75522Z,0.11,27,no,80f193b8-91f4-7bed-a697-6958e7d71adb
KXKLEAGUEGAME-25NOV08DAGGWA-TIE,2025-11-08T06:50:22.351345Z,0.12,9,no,3ea8abe4-e977-6359-d05c-9f27c31627d0
KXKLEAGUEGAME-25NOV08DAGGWA-TIE,2025-11-08T06:50:22.351345Z,0.11,12,no,0d4359ae-33bc-6fe9-d8de-08fb1e109b1b
KXKLEAGUEGAME-25NOV08DAGGWA-TIE,2025-11-08T06:50:18.342451Z,0.12,1,no,f20df26f-2e2f-6b31-6a31-1e134c19d30c
KXKLEAGUEGAME-25NOV08DAGGWA-TIE,2025-11-08T06:50:13.715305Z,0.11,42,no,ec66d90b-2870-59e1-00d2-5366d5e31fb3
KXKLEAGUEGAME-25NOV08DAGGWA-TIE,2025-11-08T06:49:30.884696Z,0.98,203,yes,940a175d-2ffd-7bfb-7522-fe9b730ccc35
KXKLEAGUEGAME-25NOV08DAGGWA-TIE,2025-11-08T06:49:21.906868Z,0.98,61,yes,b9b815e3-de88-7fc9-cfb3-8b92caaf8637
KXKLEAGUEGAME-25NOV08DAGGWA-TIE,2025-11-08T06:49:09.803316Z,0.98,101,yes,55e9e84a-bdf8-416a-7c9f-e733b465ef99
KXKLEAGUEGAME-25NOV08DAGGWA-TIE,2025-11-08T06:49:01.194434Z,0.95,100,yes,687df09f-3429-699b-f5b6-cd1c0d67d249
KXKLEAGUEGAME-25NOV08DAGGWA-TIE,2025-11-08T06:47:51.261639Z,0.96,103,yes,2bc10bfc-5ef2-445d-433f-7eb794590649
KXKLEAGUEGAME-25NOV08DAGGWA-TIE,2025-11-08T06:47:48.253639Z,0.96,51,yes,1a14f42b-ae56-5319-b5fc-d72f43247f49
KXKLEAGUEGAME-25NOV08DAGGWA-TIE,2025-11-08T06:46:57.034959Z,0.96,103,yes,977a4694-6db4-5331-ba3d-d0f2c3843a3b
KXKLEAGUEGAME-25NOV08DAGGWA-TIE,2025-11-08T06:46:47.859151Z,0.96,529,yes,9c5ae947-0465-7ae6-d82a-6e4fac359fff
KXKLEAGUEGAME-25NOV08DAGGWA-TIE,2025-11-08T06:46:16.104568Z,0.93,744,yes,f3aca697-e6cc-518a-7884-b62aec8537b2
KXKLEAGUEGAME-25NOV08DAGGWA-TIE,2025-11-08T06:46:16.104568Z,0.99,200,yes,efac5498-3637-5788-7f0a-0581ff9a6cdc
KXKLEAGUEGAME-25NOV08DAGGWA-TIE,2025-11-08T06:46:16.104568Z,0.91,73,yes,b175ec1d-1959-5cfe-57d9-27849ed0ae24
KXKLEAGUEGAME-25NOV08DAGGWA-TIE,2025-11-08T06:46:16.104568Z,0.98,500,yes,a7dc763c-4272-52ef-64d6-59f5ad12e513
KXKLEAGUEGAME-25NOV08DAGGWA-TIE,2025-11-08T06:46:16.104568Z,0.99,1000,yes,a5b88473-4971-5885-7df8-57ac5c570f7f
KXKLEAGUEGAME-25NOV08DAGGWA-TIE,2025-11-08T06:46:16.104568Z,0.97,200,yes,736f811e-dce9-571a-7022-7571abda604e
KXKLEAGUEGAME-25NOV08DAGGWA-TIE,2025-11-08T06:46:16.104568Z,0.99,200,yes,71ee8255-7e70-5877-76e5-734a92474e58
KXKLEAGUEGAME-25NOV08DAGGWA-TIE,2025-11-08T06:46:16.104568Z,0.92,721,yes,50363056-a120-5ea8-78e1-a9b80d1d6d90
KXKLEAGUEGAME-25NOV08DAGGWA-TIE,2025-11-08T06:46:16.104568Z,0.97,700,yes,3e351079-b228-5996-769c-35edd51a8d2a
KXKLEAGUEGAME-25NOV08DAGGWA-TIE,2025-11-08T06:46:16.104568Z,0.99,522,yes,19355d27-0a67-5d36-4726-a2357eac80a7
KXKLEAGUEGAME-25NOV08DAGGWA-TIE,2025-11-08T06:45:41.223777Z,0.91,27,yes,bd76740b-28d5-72ba-0680-170988d43e5c
KXKLEAGUEGAME-25NOV08DAGGWA-TIE,2025-11-08T06:44:51.04918Z,0.87,200,yes,7a961680-0452-5021-1814-093ed353f17a
KXKLEAGUEGAME-25NOV08DAGGWA-TIE,2025-11-08T06:44:51.04918Z,0.86,63,yes,3c875b80-3a55-5a61-3321-499b3db7e454
KXKLEAGUEGAME-25NOV08DAGGWA-TIE,2025-11-08T06:44:51.04918Z,0.92,79,yes,02e9ff26-5e98-58f0-21e0-6485df9fec5c
KXKLEAGUEGAME-25NOV08DAGGWA-TIE,2025-11-08T06:44:44.119938Z,0.86,23,yes,dcebfefc-b196-547e-6019-0248c4de20a5
KXKLEAGUEGAME-25NOV08DAGGWA-TIE,2025-11-08T06:44:39.370695Z,0.86,86,yes,8070076f-6253-5330-447c-d9fefc9f6464
KXKLEAGUEGAME-25NOV08DAGGWA-TIE,2025-11-08T06:43:00.665418Z,0.86,23,yes,9f443054-9e62-4e58-4fe6-e1d2b3e4a463
KXKLEAGUEGAME-25NOV08DAGGWA-TIE,2025-11-08T06:42:32.166625Z,0.87,113,yes,798277f4-686d-6f6d-b8d4-634331f475f8
KXKLEAGUEGAME-25NOV08DAGGWA-TIE,2025-11-08T06:42:24.496909Z,0.87,274,yes,2841f1ca-cf2e-7c4f-dd47-6e32f428259e
KXKLEAGUEGAME-25NOV08DAGGWA-TIE,2025-11-08T06:42:09.304983Z,0.87,341,yes,9fd9256e-59fd-6445-af07-f02c762561d9
KXKLEAGUEGAME-25NOV08DAGGWA-TIE,2025-11-08T06:39:09.781209Z,0.89,100,yes,d752802d-8168-579d-d9c8-1d56b2d11e96
KXKLEAGUEGAME-25NOV08DAGGWA-TIE,2025-11-08T06:39:09.781209Z,0.9,11,yes,90855ffb-fd8b-5fc4-f98b-0bfe6ea72901
KXKLEAGUEGAME-25NOV08DAGGWA-TIE,2025-11-08T06:36:56.448842Z,0.9,1,yes,a3000a9a-9f03-5a34-dcd3-0850d4c344d9
KXKLEAGUEGAME-25NOV08DAGGWA-TIE,2025-11-08T06:34:30.36356Z,0.9,5,yes,9042dec1-4f8b-7578-d4ad-5cff4d2fb7e9
KXKLEAGUEGAME-25NOV08DAGGWA-TIE,2025-11-08T06:32:40.387248Z,0.9,274,yes,aeca44d8-63d9-7ac9-dc04-2d082453a365
KXKLEAGUEGAME-25NOV08DAGGWA-TIE,2025-11-08T06:32:40.387248Z,0.89,159,yes,0fda7ee2-b228-7213-d531-95d456f02f3e
KXKLEAGUEGAME-25NOV08DAGGWA-TIE,2025-11-08T06:32:28.512847Z,0.89,41,yes,279eb05a-1c38-4d6f-845f-11532835fc02
KXKLEAGUEGAME-25NOV08DAGGWA-TIE,2025-11-08T06:31:19.956965Z,0.75,75,yes,6fc188f9-69a4-4da4-58be-3bbe4d82545a
KXKLEAGUEGAME-25NOV08DAGGWA-TIE,2025-11-08T06:31:10.734404Z,0.75,26,yes,8ff98794-b5dc-6ab0-c4e0-e8e787c92e52
KXKLEAGUEGAME-25NOV08DAGGWA-TIE,2025-11-08T06:28:01.85819Z,0.75,13,yes,02ea71f1-b4f4-66b0-7148-755bc0c13e9e
KXKLEAGUEGAME-25NOV08DAGGWA-TIE,2025-11-08T06:25:24.421964Z,0.75,2,yes,c0cc5891-9d5c-6304-b210-9c923c11de7e
KXKLEAGUEGAME-25NOV08DAGGWA-TIE,2025-11-08T06:22:49.972899Z,0.75,26,yes,e2776876-c768-6510-8605-a4ee09898e72
KXKLEAGUEGAME-25NOV08DAGGWA-TIE,2025-11-08T06:20:06.224655Z,0.75,1,yes,93be9ffa-05c4-6e74-d7c9-637d48990b0a
KXKLEAGUEGAME-25NOV08DAGGWA-TIE,2025-11-08T06:13:54.964488Z,0.81,11,yes,d8748236-335b-6b49-0e71-a8778aa58d83
KXKLEAGUEGAME-25NOV08DAGGWA-TIE,2025-11-08T06:13:54.964488Z,0.8,39,yes,c89b062b-f269-6c1b-399a-c39509f637ef
KXKLEAGUEGAME-25NOV08DAGGWA-TIE,2025-11-08T06:13:54.964488Z,0.92,10,yes,7bc85709-3a9e-6b0e-07b8-1ce2b26075ee
KXKLEAGUEGAME-25NOV08DAGGWA-TIE,2025-11-08T06:08:12.19632Z,0.69,102,yes,6b60052b-e7b9-4f13-ea0a-c4a7d3f497f3
KXKLEAGUEGAME-25NOV08DAGGWA-TIE,2025-11-08T06:08:12.19632Z,0.68,99,yes,45c3c5c9-7bbf-4943-c560-c53212fe251e
KXKLEAGUEGAME-25NOV08DAGGWA-TIE,2025-11-08T06:07:44.989581Z,0.68,1,yes,df1725ec-04cb-5803-6ec6-b6b9831cedfa
KXKLEAGUEGAME-25NOV08DAGGWA-TIE,2025-11-08T06:04:17.787647Z,0.69,4,yes,30295b9c-6af5-772b-476b-5501f1389b9f
KXKLEAGUEGAME-25NOV08DAGGWA-TIE,2025-11-08T06:03:15.793531Z,0.69,11,yes,ba5fce86-5141-5907-9871-158ab024c6d3
KXKLEAGUEGAME-25NOV08DAGGWA-TIE,2025-11-08T05:58:45.909931Z,0.68,99,yes,e335f54c-c57f-5c5f-0987-c3f27e0f0f56
KXKLEAGUEGAME-25NOV08DAGGWA-TIE,2025-11-08T05:58:45.909931Z,0.69,44,yes,796dd245-780d-5b4f-0ba7-2da5afa4c41b
KXKLEAGUEGAME-25NOV08DAGGWA-TIE,2025-11-08T05:57:04.004986Z,0.68,1,yes,95702879-d0f7-5d87-59f3-95cedd2dda7e
KXKLEAGUEGAME-25NOV08DAGGWA-TIE,2025-11-08T05:48:36.770337Z,0.06,1,no,77c41a8e-5fb4-756b-df59-0d6147fee8fd
KXKLEAGUEGAME-25NOV08DAGGWA-TIE,2025-11-08T05:42:16.816861Z,0.93,56,yes,b97362fd-b51c-4752-46d5-409a3285e0c6
