ticker,created_time,price,count,taker_side,trade_id
KXKLEAGUEGAME-25NOV08DAGGWA-DAG,2025-11-08T06:55:42.429838Z,0.99,133,no,2d678d20-bf2e-73df-1124-10c2d7383f79
KXKLEAGUEGAME-25NOV08DAGGWA-DAG,2025-11-08T06:54:53.636445Z,0.99,27,no,ab9c2a84-b08a-6287-a8ee-e7eee98e916d
KXKLEAGUEGAME-25NOV08DAGGWA-DAG,2025-11-08T06:54:49.372182Z,0.99,268,no,accd149f-bf5a-74ef-85e7-96d7fa445791
KXKLEAGUEGAME-25NOV08DAGGWA-DAG,2025-11-08T06:54:41.637278Z,0.99,613,yes,91d72081-b255-4c12-058b-80161dac09a3
KXKLEAGUEGAME-25NOV08DAGGWA-DAG,2025-11-08T06:53:57.814957Z,0.91,94,no,3cfa9655-46c6-59b2-c9e5-4f3f4cfc1adc
KXKLEAGUEGAME-25NOV08DAGGWA-DAG,2025-11-08T06:52:54.452617Z,0.9,3,no,0abe6f74-5143-4634-3991-d786d9733a87
KXKLEAGUEGAME-25NOV08DAGGWA-DAG,2025-11-08T06:52:46.715655Z,0.9,6,no,da3c0b5d-95c7-4f24-5b0d-a07039df7f67
KXKLEAGUEGAME-25NOV08DAGGWA-DAG,2025-11-08T06:50:59.490992Z,0.93,699,yes,c093bcd6-7c35-5497-a46c-1924c73a9457
KXKLEAGUEGAME-25NOV08DAGGWA-DAG,2025-11-08T06:50:59.490992Z,0.99,42,yes,59b25772-b82f-5ef1-82e3-b3a912b5860e
KXKLEAGUEGAME-25NOV08DAGGWA-DAG,2025-11-08T06:50:59.490992Z,0.98,500,yes,52e28696-1760-5f44-a614-0dc7e7999684
KXKLEAGUEGAME-25NOV08DAGGWA-DAG,2025-11-08T06:50:59.490992Z,0.99,1000,yes,3d35f0e0-4205-5e13-b327-07c3e06a5990
KXKLEAGUEGAME-25NOV08DAGGWA-DAG,2025-11-08T06:50:59.490992Z,0.99,200,yes,3a38abd6-1ae5-5949-babe-e2f94def6dbb
KXKLEAGUEGAME-25NOV08DAGGWA-DAG,2025-11-08T06:50:59.490992Z,0.99,200,yes,32d86aab-ad28-5022-bd18-d6894e10c1b3
KXKLEAGUEGAME-25NOV08DAGGWA-DAG,2025-11-08T06:50:59.490992Z,0.99,522,yes,06d7d74a-6af7-52dd-8696-2408356cbe04
KXKLEAGUEGAME-25NOV08DAGGWA-DAG,2025-11-08T06:50:56.798739Z,0.93,53,yes,8c101e9e-dfdd-72a7-8e89-50f0061aecaf
KXKLEAGUEGAME-25NOV08DAGGWA-DAG,2025-11-08T06:50:54.152563Z,0.93,14,yes,67b5f112-b9dd-4183-ccce-690bb1cb865f
KXKLEAGUEGAME-25NOV08DAGGWA-DAG,2025-11-08T06:50:52.165759Z,0.93,21,yes,7c078e99-f1bd-7b23-f69c-6bc72f161f07
KXKLEAGUEGAME-25NOV08DAGGWA-DAG,2025-11-08T06:50:51.787569Z,0.93,64,yes,5247d286-4b29-62f7-e44c-ea66d08c3c7f
KXKLEAGUEGAME-25NOV08DAGGWA-DAG,2025-11-08T06:50:51.64816Z,0.93,21,yes,f6b1fa8c-91a1-5ddf-fccc-d7f4b928192b
KXKLEAGUEGAME-25NOV08DAGGWA-DAG,2025-11-08T06:50:48.081017Z,0.93,128,yes,b37dd6cb-516d-47ef-3ecd-a98c178b9707
KXKLEAGUEGAME-25NOV08DAGGWA-DAG,2025-11-08T06:50:48.081017Z,0.92,140,yes,22d4b3f4-bdca-43f5-280e-bb22b50a57be
KXKLEAGUEGAME-25NOV08DAGGWA-DAG,2025-11-08T06:50:46.693309Z,0.92,85,yes,4596be8a-579a-5781-2712-8b6741436422
KXKLEAGUEGAME-25NOV08DAGGWA-DAG,2025-11-08T06:50:43.752303Z,0.92,275,yes,2c76f3cf-e902-58a5-f816-06d30640355a
KXKLEAGUEGAME-25NOV08DAGGWA-DAG,2025-11-08T06:50:30.424895Z,0.92,80,yes,19c56d1e-5682-4a6c-f4ab-34dcc101bd91
KXKLEAGUEGAME-25NOV08DAGGWA-DAG,2025-11-08T06:50:24.734022Z,0.92,27,yes,b0861531-22d6-4890-4132-f4a1028e33fa
KXKLEAGUEGAME-25NOV08DAGGWA-DAG,2025-11-08T06:50:22.324129Z,0.92,21,yes,fa9fbfbd-e723-6df9-2ae1-e6ca2ccfdbfd
KXKLEAGUEGAME-25NOV08DAGGWA-DAG,2025-11-08T06:50:13.682064Z,0.91,42,yes,59d95586-122e-477c-4b8e-59cf7a282d3d
KXKLEAGUEGAME-25NOV08DAGGWA-DAG,2025-11-08T06:50:09.350912Z,0.2,489,yes,8c3c9cc5-99ae-785a-04c7-b10fe8d12f6a
KXKLEAGUEGAME-25NOV08DAGGWA-DAG,2025-11-08T06:50:06.706498Z,0.19,136,yes,8380c8fe-e61a-7b41-8ccc-ae8721905966
KXKLEAGUEGAME-25NOV08DAGGWA-DAG,2025-11-08T06:50:03.977945Z,0.15,25,yes,005c2d94-6c71-43ab-1828-c4bda2db855d
KXKLEAGUEGAME-25NOV08DAGGWA-DAG,2025-11-08T06:49:59.991244Z,0.15,6,yes,7a951760-9165-58a3-854f-560aa3ae4195
KXKLEAGUEGAME-25NOV08DAGGWA-DAG,2025-11-08T06:49:59.035029Z,0.15,69,yes,3259b2ad-3e0d-440f-d428-044b54bd1d95
KXKLEAGUEGAME-25NOV08DAGGWA-DAG,2025-11-08T06:49:30.909462Z,0.03,165,no,621bba1f-84cd-6b99-8c7b-deed7108022e
KXKLEAGUEGAME-25NOV08DAGGWA-DAG,2025-11-08T06:49:30.909462Z,0.03,38,no,2280ffba-897e-639a-a33f-d00cef3473b6
KXKLEAGUEGAME-25NOV08DAGGWA-DAG,2025-11-08T06:49:24.497482Z,0.19,1,yes,4399de88-63be-503d-7025-ddcd9e14d896
KXKLEAGUEGAME-25NOV08DAGGWA-DAG,2025-11-08T06:49:21.940365Z,0.03,61,no,285bc75b-74b2-7412-bcaf-2c6de093694e
KXKLEAGUEGAME-25NOV08DAGGWA-DAG,2025-11-08T06:49:12.105474Z,0.19,3,yes,7e04b0c7-25f6-5225-0348-e0292e60a462
KXKLEAGUEGAME-25NOV08DAGGWA-DAG,2025-11-08T06:49:09.830143Z,0.03,101,no,45787d80-9956-6f86-8720-1f2f5b12969a
KXKLEAGUEGAME-25NOV08DAGGWA-DAG,2025-11-08T06:48:38.072655Z,0.19,14,yes,67a8ce8e-b0ce-5c4d-0765-0b7156d86ed6
KXKLEAGUEGAME-25NOV08DAGGWA-DAG,2025-11-08T06:47:06.432418Z,0.2,94,yes,ffbb0e06-77aa-40ba-ae12-72ef177974a2
KXKLEAGUEGAME-25NOV08DAGGWA-DAG,2025-11-08T06:47:02.092943Z,0.2,417,yes,c5fc4354-7d5e-484a-d84e-95c65ef0fea2
KXKLEAGUEGAME-25NOV08DAGGWA-DAG,2025-11-08T06:47:02.092943Z,0.14,187,yes,88b3f393-8229-414b-f0ac-33390b34896e
KXKLEAGUEGAME-25NOV08DAGGWA-DAG,2025-11-08T06:47:02.092943Z,0.15,41,yes,710a7c19-f5be-4d72-f4de-5a369787f43d
KXKLEAGUEGAME-25NOV08DAGGWA-DAG,2025-11-08T06:47:02.092943Z,0.13,200,yes,136eefa8-93b9-47f0-d9ce-18a69ae0c5fc
KXKLEAGUEGAME-25NOV08DAGGWA-DAG,2025-11-08T06:46:57.054792Z,0.04,103,no,0c830854-1f11-622d-bbc5-10a76e0e3f5e
KXKLEAGUEGAME-25NOV08DAGGWA-DAG,2025-11-08T06:46:47.885133Z,0.04,230,no,4db07503-a019-526d-0f67-5382a76d0aa2
KXKLEAGUEGAME-25NOV08DAGGWA-DAG,2025-11-08T06:46:47.885133Z,0.04,299,no,0f1fdd8d-c64a-5876-32f3-c71685ccad0d
KXKLEAGUEGAME-25NOV08DAGGWA-DAG,2025-11-08T06:46:13.792201Z,0.14,13,yes,35a112e3-ded5-51b7-ada5-f6338a72bc9a
KXKLEAGUEGAME-25NOV08DAGGWA-DAG,2025-11-08T06:45:29.317797Z,0.15,39,no,98fd05f3-0b1e-5c05-ee06-3e23cf6e39b1
KXKLEAGUEGAME-25NOV08DAGGWA-DAG,2025-11-08T06:45:21.317739Z,0.15,4,no,311821f7-6412-7605-ee0b-c77f2914a00d
KXKLEAGUEGAME-25NOV08DAGGWA-DAG,2025-11-08T06:44:51.071683Z,0.15,63,no,ff985d04-3f96-6615-362e-af3b1c3652e1
KXKLEAGUEGAME-25NOV08DAGGWA-DAG,2025-11-08T06:44:44.15034Z,0.15,23,no,bdefeeb6-16e2-5f79-2938-ddad903b63a1
KXKLEAGUEGAME-25NOV08DAGGWA-DAG,2025-11-08T06:44:39.398362Z,0.15,86,no,9d6aefb9-7302-6d51-43eb-9f42bef79d19
KXKLEAGUEGAME-25NOV08DAGGWA-DAG,2025-11-08T06:43:44.966357Z,0.15,76,no,60df7350-a2a6-7135-9db9-42421d3831e1
KXKLEAGUEGAME-25NOV08DAGGWA-DAG,2025-11-08T06:42:32.197684Z,0.15,113,no,1f7ba391-3236-7819-c483-4c7545aec779
KXKLEAGUEGAME-25NOV08DAGGWA-DAG,2025-11-08T06:42:24.528903Z,0.15,274,no,79578086-ac42-4a1d-06be-cb1fb56eae21
KXKLEAGUEGAME-25NOV08DAGGWA-DAG,2025-11-08T06:42:09.327638Z,0.15,322,no,e3434c3b-ec9e-6309-be8a-41c103acd0d1
KXKLEAGUEGAME-25NOV08DAGGWA-DAG,2025-11-08T06:42:09.327638Z,0.16,19,no,0719ad10-d241-67b1-b6b5-f6c561bf0d03
KXKLEAGUEGAME-25NOV08DAGGWA-DAG,2025-11-08T06:40:48.425902Z,0.16,2,no,a25e4fb3-92bd-4b55-571f-e5df5c85372b
KXKLEAGUEGAME-25NOV08DAGGWA-DAG,2025-11-08T06:40:14.819882Z,0.25,76,yes,0168e54e-3ec7-429f-3901-dbfc9b9734e4
KXKLEAGUEGAME-25NOV08DAGGWA-DAG,2025-11-08T06:39:56.299919Z,0.25,2,yes,f224fb9c-949f-6a3f-c006-3e9acb2bb1a4
KXKLEAGUEGAME-25NOV08DAGGWA-DAG,2025-11-08T06:36:04.393897Z,0.25,100,yes,e5ffbc78-2b37-6943-ebe5-491e07313352
KXKLEAGUEGAME-25NOV08DAGGWA-DAG,2025-11-08T06:36:04.393897Z,0.25,12,yes,b82d311b-0232-6f20-dbe6-8bb1fb6d953c
KXKLEAGUEGAME-25NOV08DAGGWA-DAG,2025-11-08T06:36:04.393897Z,0.92,21,yes,086474e5-92b4-6574-d585-b11c50579144
KXKLEAGUEGAME-25NOV08DAGGWA-DAG,2025-11-08T06:35:28.791473Z,0.25,50,yes,5a386f0e-cf76-5c5c-5d33-3635b59f2b08
KXKLEAGUEGAME-25NOV08DAGGWA-DAG,2025-11-08T06:32:59.264052Z,0.04,1,no,156fda6f-b8b2-5566-125f-5451564efd09
KXKLEAGUEGAME-25NOV08DAGGWA-DAG,2025-11-08T06:27:14.908391Z,0.4,11,yes,e9fc57ee-180e-7a14-a3d8-31c5cf5ac484
KXKLEAGUEGAME-25NOV08DAGGWA-DAG,2025-11-08T06:26:39.403823Z,0.4,23,yes,562a015f-e4e2-7050-76cf-73c1eebe4e90
KXKLEAGUEGAME-25NOV08DAGGWA-DAG,2025-11-08T06:24:50.406435Z,0.4,4,yes,d163158a-ecf6-6f98-b1bd-71008630bbf4
KXKLEAGUEGAME-25NOV08DAGGWA-DAG,2025-11-08T06:23:40.930057Z,0.5,9,yes,f914dff3-6510-605e-e61a-f8d47d919ae0
KXKLEAGUEGAME-25NOV08DAGGWA-DAG,2025-11-08T06:20:23.270962Z,0.5,19,yes,3ecde2a3-7ab0-4cba-3d1d-3fa96d24a138
KXKLEAGUEGAME-25NOV08DAGGWA-DAG,2025-11-08T06:09:19.063479Z,0.65,75,yes,c061d5bb-d35a-5f47-1aea-f0c6b5cd9eac
KXKLEAGUEGAME-25NOV08DAGGWA-DAG,2025-11-08T05:52:02.851493Z,0.9,55,yes,46f8e8ad-fcb3-7494-9d7c-7adbdf738580
KXKLEAGUEGAME-25NOV08DAGGWA-DAG,2025-11-08T05:50:28.50412Z,0.9,10,yes,07b884fc-f7bf-7de8-8516-fef0a9d1eba0
KXKLEAGUEGAME-25NOV08DAGGWA-DAG,2025-11-08T05:48:36.728152Z,0.96,1,yes,de58828a-ee23-440b-9cc1-425824f6136a
KXKLEAGUEGAME-25NOV08DAGGWA-DAG,2025-11-08T05:48:09.191182Z,0.95,800,yes,f1e11d41-51c6-4552-683a-3b8d8f3d4266
KXKLEAGUEGAME-25NOV08DAGGWA-DAG,2025-11-08T05:48:09.191182Z,0.92,197,yes,96d8b4c9-41ef-4cc9-7bed-8dd1510aa798
KXKLEAGUEGAME-25NOV08DAGGWA-DAG,2025-11-08T05:48:09.191182Z,0.97,85,yes,80c839d5-4015-474b-47c5-952120bc6c53
KXKLEAGUEGAME-25NOV08DAGGWA-DAG,2025-11-08T05:48:09.191182Z,0.97,200,yes,52a053de-7067-4aa3-6654-c6c296be1097
KXKLEAGUEGAME-25NOV08DAGGWA-DAG,2025-11-08T05:48:09.191182Z,0.93,500,yes,4fb33e44-31aa-4a3f-41cc-004982304118
KXKLEAGUEGAME-25NOV08DAGGWA-DAG,2025-11-08T05:47:04.895189Z,0.92,1,yes,1ff29312-468b-6fc5-24f7-964d8644af34
KXKLEAGUEGAME-25NOV08DAGGWA-DAG,2025-11-08T05:44:25.999548Z,0.92,2,yes,b687d53f-1af3-4f39-840f-38c2f45312c0
