ticker,created_time,price,count,taker_side,trade_id
KXLIGAMXGAME-25NOV08CDGMON-MON,2025-11-09T00:42:13.208641Z,0.1,8,yes,8fd15b3c-3c70-667c-ca75-d74c21bc08d3
KXLIGAMXGAME-25NOV08CDGMON-MON,2025-11-09T00:42:13.208641Z,0.02,2,yes,0af77278-0fb6-6562-faa8-076f8baa94d9
KXLIGAMXGAME-25NOV08CDGMON-MON,2025-11-09T00:11:51.332411Z,0.01,4,no,9391f2c2-d0a7-53eb-f05d-3ca62f110a04
KXLIGAMXGAME-25NOV08CDGMON-MON,2025-11-09T00:02:48.535248Z,0.01,5,no,1381d728-74d3-5b0f-1ba7-f4389c3de913
KXLIGAMXGAME-25NOV08CDGMON-MON,2025-11-08T23:58:43.781648Z,0.01,8,yes,f70cae90-1d37-5751-8e73-153ef3bcf19a
KXLIGAMXGAME-25NOV08CDGMON-MON,2025-11-08T23:47:03.600921Z,0.88,16,yes,ce691090-7e1b-7c94-928f-e8925306c2d1
KXLIGAMXGAME-25NOV08CDGMON-MON,2025-11-08T23:47:03.600921Z,0.05,50,yes,917b00f0-9b9b-779b-bd7b-c38b3b01c201
KXLIGAMXGAME-25NOV08CDGMON-MON,2025-11-08T23:47:03.600921Z,0.6,5,yes,6a8e4893-2d63-7c0e-83d2-39d899ee8e70
KXLIGAMXGAME-25NOV08CDGMON-MON,2025-11-08T23:41:02.573494Z,0.01,12,no,a3639e10-981e-44d1-fe68-2a7b08587263
KXLIGAMXGAME-25NOV08CDGMON-MON,2025-11-08T23:41:02.573494Z,0.01,41,no,97dfd12e-12ce-422d-eae7-3a535ab2f976
KXLIGAMXGAME-25NOV08CDGMON-MON,2025-11-08T23:41:02.573494Z,0.01,1,no,8f67450c-68f9-4207-df46-f83ae580a226
KXLIGAMXGAME-25NOV08CDGMON-MON,2025-11-08T23:41:02.573494Z,0.02,338,no,671525ac-996d-4b5d-db37-ad79a5a819eb
KXLIGAMXGAME-25NOV08CDGMON-MON,2025-11-08T23:41:02.573494Z,0.01,104,no,543fd798-2ce4-402e-c79b-56d51f073db9
KXLIGAMXGAME-25NOV08CDGMON-MON,2025-11-08T23:41:02.573494Z,0.02,13,no,249868f4-d3da-4e0e-e691-0ae06d9538b2
KXLIGAMXGAME-25NOV08CDGMON-MON,2025-11-08T23:39:27.276739Z,0.02,47,no,b096c927-76c1-5fcd-5edd-2280725d5983
KXLIGAMXGAME-25NOV08CDGMON-MON,2025-11-08T23:39:10.332157Z,0.02,115,no,c2bf14e8-cbd9-636d-2934-c0c2f2de11c3
KXLIGAMXGAME-25NOV08CDGMON-MON,2025-11-08T23:39:10.332157Z,0.03,4,no,adec2c3a-ee4b-6ed8-3f34-38f54fa044e4
KXLIGAMXGAME-25NOV08CDGMON-MON,2025-11-08T23:39:10.332157Z,0.03,25,no,751daa18-cbd5-6b5f-3eb2-2490eceaaf90
KXLIGAMXGAME-25NOV08CDGMON-MON,2025-11-08T23:38:38.950857Z,0.03,92,no,355140c2-a29b-58bc-99fb-5f27674795c0
KXLIGAMXGAME-25NOV08CDGMON-MON,2025-11-08T23:38:21.823538Z,0.03,31,no,21b7e373-702b-5bf0-1de4-08a900edf290
KXLIGAMXGAME-25NOV08CDGMON-MON,2025-11-08T23:37:48.091261Z,0.03,73,no,b45b280f-46af-64ec-2030-a3d3785819ac
KXLIGAMXGAME-25NOV08CDGMON-MON,2025-11-08T23:37:48.091261Z,0.04,50,no,274d2ef4-cfa4-6c24-2766-6d668f510429
KXLIGAMXGAME-25NOV08CDGMON-MON,2025-11-08T23:37:04.136374Z,0.06,9,yes,f89ea1e6-7712-4af7-7842-53f555fa39d5
KXLIGAMXGAME-25NOV08CDGMON-MON,2025-11-08T23:37:04.136374Z,0.05,82,yes,5a7a989d-f95d-49d1-57ec-31780cabb91f
KXLIGAMXGAME-25NOV08CDGMON-MON,2025-11-08T23:35:46.043646Z,0.05,18,yes,aa541bac-51d5-6a1d-1390-704217d83337
KXLIGAMXGAME-25NOV08CDGMON-MON,2025-11-08T23:35:18.427557Z,0.04,300,no,02a5e1a8-4499-4085-269b-7540d88eae82
KXLIGAMXGAME-25NOV08CDGMON-MON,2025-11-08T23:29:37.355825Z,0.05,50,no,d483ae27-2e8c-5a94-42a1-050b83db9094
KXLIGAMXGAME-25NOV08CDGMON-MON,2025-11-08T23:28:54.937619Z,0.06,1,no,fea76852-a05a-69c0-62c9-04626e849d97
KXLIGAMXGAME-25NOV08CDGMON-MON,2025-11-08T23:28:06.998118Z,0.11,278,no,32614d79-d33b-6e55-65f3-55f9933b2fa0
KXLIGAMXGAME-25NOV08CDGMON-MON,2025-11-08T23:26:11.265912Z,0.13,203,yes,694e8337-82cc-7819-cf4b-451ffaaaf186
KXLIGAMXGAME-25NOV08CDGMON-MON,2025-11-08T23:25:20.62913Z,0.13,30,yes,ed405e9a-4c5c-7ccc-4943-8ab0d51c0dd9
KXLIGAMXGAME-25NOV08CDGMON-MON,2025-11-08T23:25:20.62913Z,0.13,115,yes,d4498e56-e398-72ed-6852-afa11abb8c8e
KXLIGAMXGAME-25NOV08CDGMON-MON,2025-11-08T23:25:19.107576Z,0.11,17,no,300484dd-6716-4212-253e-fd13fbc6a0fb
KXLIGAMXGAME-25NOV08CDGMON-MON,2025-11-08T23:24:00.327869Z,0.11,109,no,4bcfce4e-4142-45fa-2484-adf091c94ae7
KXLIGAMXGAME-25NOV08CDGMON-MON,2025-11-08T23:23:42.52564Z,0.12,30,yes,99300a98-72fe-5ea5-920c-beaffc06370c
KXLIGAMXGAME-25NOV08CDGMON-MON,2025-11-08T23:23:42.52564Z,0.13,14,yes,9746acea-4487-559f-a356-7fe3a0b69ffc
KXLIGAMXGAME-25NOV08CDGMON-MON,2025-11-08T23:23:42.52564Z,0.13,29,yes,811219ff-af66-5a93-a4ca-b904fa0a15e5
KXLIGAMXGAME-25NOV08CDGMON-MON,2025-11-08T23:23:42.52564Z,0.13,165,yes,7b9800c6-6789-5ba7-9ac4-6980a9592970
KXLIGAMXGAME-25NOV08CDGMON-MON,2025-11-08T23:23:42.52564Z,0.13,271,yes,4f4dcf8e-1c2e-57e1-bcab-54d96efeefbd
KXLIGAMXGAME-25NOV08CDGMON-MON,2025-11-08T23:21:53.124676Z,0.13,186,yes,982be98d-1256-6b65-27d5-49abaf530ad9
KXLIGAMXGAME-25NOV08CDGMON-MON,2025-11-08T23:20:39.427258Z,0.13,29,yes,a17963a7-3932-4fb9-b24b-71d5c2377cd1
KXLIGAMXGAME-25NOV08CDGMON-MON,2025-11-08T23:20:19.663069Z,0.13,14,yes,d1ef237d-fc56-6bc1-ad39-4844e4241199
KXLIGAMXGAME-25NOV08CDGMON-MON,2025-11-08T23:20:12.566394Z,0.12,626,no,6c852af1-2c1f-692d-af8d-af743a933fab
KXLIGAMXGAME-25NOV08CDGMON-MON,2025-11-08T23:20:12.529784Z,0.11,263,yes,fb2b63dc-c8cf-5f1e-9613-a77953a30c5e
KXLIGAMXGAME-25NOV08CDGMON-MON,2025-11-08T23:20:12.529784Z,0.12,96,yes,dd13ed58-1587-5ee0-a32b-efecba19c530
KXLIGAMXGAME-25NOV08CDGMON-MON,2025-11-08T23:20:12.529784Z,0.12,15,yes,7be8d1cf-4434-5048-bdff-a63ca796f06a
KXLIGAMXGAME-25NOV08CDGMON-MON,2025-11-08T23:20:12.529784Z,0.12,485,yes,721266a6-0b1c-58e1-95d0-138e9da758dd
KXLIGAMXGAME-25NOV08CDGMON-MON,2025-11-08T23:19:49.435424Z,0.12,15,yes,ff5ffcc6-171c-7151-198b-c43cee11a03d
KXLIGAMXGAME-25NOV08CDGMON-MON,2025-11-08T23:18:20.212447Z,0.05,18,no,80823fc9-dc7d-5b86-80aa-7a50bbee7fc1
KXLIGAMXGAME-25NOV08CDGMON-MON,2025-11-08T23:16:29.16153Z,0.26,29,yes,30b24e06-b8c7-5364-b041-a13c6343742b
KXLIGAMXGAME-25NOV08CDGMON-MON,2025-11-08T23:16:23.658872Z,0.26,36,yes,52b2cb7f-0463-7dc8-4177-7bf3e9a6d6d3
KXLIGAMXGAME-25NOV08CDGMON-MON,2025-11-08T23:14:26.999293Z,0.25,500,no,8fd51a28-daf6-6146-d123-8ba7d2ae3395
KXLIGAMXGAME-25NOV08CDGMON-MON,2025-11-08T23:14:26.999293Z,0.24,145,no,04d7bcda-1265-6232-c340-134c598f79d5
KXLIGAMXGAME-25NOV08CDGMON-MON,2025-11-08T23:13:49.352143Z,0.26,18,yes,b050d572-2d63-4314-88a3-c584f5d16e0b
KXLIGAMXGAME-25NOV08CDGMON-MON,2025-11-08T23:13:38.686271Z,0.27,116,yes,d80d0a6c-3d2a-5d2f-5ccf-69ea7d551163
KXLIGAMXGAME-25NOV08CDGMON-MON,2025-11-08T23:13:38.686271Z,0.26,245,yes,1ab08aeb-4833-5e0a-6434-24fd4232612e
KXLIGAMXGAME-25NOV08CDGMON-MON,2025-11-08T23:12:09.914588Z,0.26,18,yes,e00990c2-6fa7-7c4a-8133-6c3ae67190da
KXLIGAMXGAME-25NOV08CDGMON-MON,2025-11-08T23:07:51.074113Z,0.27,70,yes,0a957a99-ca99-7154-b76b-167d58027948
KXLIGAMXGAME-25NOV08CDGMON-MON,2025-11-08T23:07:38.91478Z,0.26,30,yes,75503eb6-619d-66bb-b74e-c27dd62cd6dc
KXLIGAMXGAME-25NOV08CDGMON-MON,2025-11-08T23:07:38.91478Z,0.27,59,yes,388280a9-0be5-65a8-be87-315ae9848dfc
KXLIGAMXGAME-25NOV08CDGMON-MON,2025-11-08T23:06:20.05476Z,0.26,731,yes,9c0b9687-4703-76ea-96aa-f0ab9abc4763
KXLIGAMXGAME-25NOV08CDGMON-MON,2025-11-08T23:03:54.862391Z,0.26,2,yes,90f9b742-2445-619f-31ea-d4e463127e6a
KXLIGAMXGAME-25NOV08CDGMON-MON,2025-11-08T23:03:54.862391Z,0.26,89,yes,5fc7783f-e9bf-6bfe-1033-247e9710eb03
KXLIGAMXGAME-25NOV08CDGMON-MON,2025-11-08T23:03:02.673711Z,0.26,18,yes,ba171913-99dd-655b-f443-ae416c3f42d2
KXLIGAMXGAME-25NOV08CDGMON-MON,2025-11-08T23:02:08.957707Z,0.26,10,yes,abc23b67-e885-4647-06ac-b919e6a33f36
KXLIGAMXGAME-25NOV08CDGMON-MON,2025-11-08T23:00:08.430779Z,0.26,30,yes,f77faebb-d32b-7b56-8cd3-b48fab1d947e
KXLIGAMXGAME-25NOV08CDGMON-MON,2025-11-08T23:00:08.430779Z,0.26,43,yes,7c904768-a26d-713e-ad60-f98a81e66233
KXLIGAMXGAME-25NOV08CDGMON-MON,2025-11-08T22:58:58.225283Z,0.26,18,yes,a423c6d3-cb28-612f-9204-106d88ab73c4
KXLIGAMXGAME-25NOV08CDGMON-MON,2025-11-08T22:58:41.38814Z,0.26,18,yes,eb2eb25e-511a-61ee-10b1-0dc8ea7f808b
KXLIGAMXGAME-25NOV08CDGMON-MON,2025-11-08T22:58:41.38814Z,0.26,53,yes,878746ea-39a8-6427-0654-efa97ce9aac0
KXLIGAMXGAME-25NOV08CDGMON-MON,2025-11-08T22:56:37.781141Z,0.26,109,yes,c2df2fd9-8a8f-6b02-df1f-8f2e3b6d1273
KXLIGAMXGAME-25NOV08CDGMON-MON,2025-11-08T22:54:45.467771Z,0.26,362,yes,45e2eca2-3347-571a-9eab-e25f51a166cf
KXLIGAMXGAME-25NOV08CDGMON-MON,2025-11-08T22:54:13.957036Z,0.26,365,yes,161fa33e-4bcb-749a-ae1c-902db6f60c87
KXLIGAMXGAME-25NOV08CDGMON-MON,2025-11-08T22:53:54.533578Z,0.25,65,no,7bbc36ef-f012-653e-e6d2-7f262abd4aeb
KXLIGAMXGAME-25NOV08CDGMON-MON,2025-11-08T22:53:22.785991Z,0.27,70,yes,baf43d14-16a0-6331-a38b-03e14b90571f
KXLIGAMXGAME-25NOV08CDGMON-MON,2025-11-08T22:51:45.971809Z,0.27,50,yes,02e209e5-92c6-6f7a-2703-99973a594d96
KXLIGAMXGAME-25NOV08CDGMON-MON,2025-11-08T22:51:04.1172Z,0.27,193,yes,d398d02f-016c-77b0-58cf-ee811237c415
KXLIGAMXGAME-25NOV08CDGMON-MON,2025-11-08T22:47:01.799135Z,0.28,170,yes,96dc13ac-bdab-7cee-5513-b6b76ae94523
KXLIGAMXGAME-25NOV08CDGMON-MON,2025-11-08T22:41:36.916817Z,0.27,70,yes,773f6d30-b42e-526a-8e1e-eab55919690d
KXLIGAMXGAME-25NOV08CDGMON-MON,2025-11-08T22:38:41.392016Z,0.28,74,yes,29b91ef6-9ba4-7ef1-d1bf-03ba7cacfdbc
KXLIGAMXGAME-25NOV08CDGMON-MON,2025-11-08T22:35:20.881068Z,0.29,93,yes,268f3a17-2fa2-4fbd-901a-507e43846fde
KXLIGAMXGAME-25NOV08CDGMON-MON,2025-11-08T22:28:04.317941Z,0.3,292,yes,80048877-b152-5550-65e2-76fb79010d16
KXLIGAMXGAME-25NOV08CDGMON-MON,2025-11-08T22:26:20.953839Z,0.3,15,yes,954fae83-f846-7a0c-798f-e0628ceae172
KXLIGAMXGAME-25NOV08CDGMON-MON,2025-11-08T22:24:09.2327Z,0.3,3,yes,0ad9962a-446a-4508-d0e6-e2dcd1d3310e
KXLIGAMXGAME-25NOV08CDGMON-MON,2025-11-08T22:20:14.959152Z,0.3,15,yes,1cb5de77-fb12-5374-93b4-472c3c62cc62
KXLIGAMXGAME-25NOV08CDGMON-MON,2025-11-08T22:19:37.737849Z,0.3,62,yes,dfe4c5b5-9442-6d20-8aeb-bf477089716e
KXLIGAMXGAME-25NOV08CDGMON-MON,2025-11-08T22:19:18.564172Z,0.3,79,yes,75cbd1bb-7af6-53fc-ccd5-de8e5363afb2
KXLIGAMXGAME-25NOV08CDGMON-MON,2025-11-08T22:18:23.712426Z,0.3,47,yes,29a3197f-1b06-4bdc-0016-25b139cbe386
KXLIGAMXGAME-25NOV08CDGMON-MON,2025-11-08T22:13:54.632962Z,0.3,15,yes,e0748a23-ab62-5dec-ccb2-5fea2762d476
KXLIGAMXGAME-25NOV08CDGMON-MON,2025-11-08T22:00:13.918756Z,0.3,47,yes,1f801b8b-2146-7c30-15e0-54f539ab5372
KXLIGAMXGAME-25NOV08CDGMON-MON,2025-11-08T21:46:26.784618Z,0.3,2,yes,3d5c9dc1-e992-615d-156a-1da0409c5204
KXLIGAMXGAME-25NOV08CDGMON-MON,2025-11-08T21:06:26.01641Z,0.31,123,yes,147b3c01-2ee3-77de-3ad6-2aa6e897cfeb
KXLIGAMXGAME-25NOV08CDGMON-MON,2025-11-08T20:58:27.822136Z,0.31,15,yes,e52cc3b2-3ff7-728e-f40c-aeea7cf096cb
KXLIGAMXGAME-25NOV08CDGMON-MON,2025-11-08T20:51:55.494604Z,0.29,4,no,d387fe9a-969b-6ecf-c2ca-5142c607286e
KXLIGAMXGAME-25NOV08CDGMON-MON,2025-11-08T20:49:00.304722Z,0.31,15,yes,a92b5c07-7611-6b32-6065-d8b380448856
KXLIGAMXGAME-25NOV08CDGMON-MON,2025-11-08T20:47:29.443954Z,0.31,153,yes,0ac552a7-3941-69f6-ab97-38c8097497d6
KXLIGAMXGAME-25NOV08CDGMON-MON,2025-11-08T20:16:47.182506Z,0.31,61,yes,89f47e32-f809-6ca6-fa28-aa1a3ae76e32
KXLIGAMXGAME-25NOV08CDGMON-MON,2025-11-08T19:59:15.392798Z,0.31,15,yes,513d6406-a11d-6afe-5f7c-b4a6c02b5b12
KXLIGAMXGAME-25NOV08CDGMON-MON,2025-11-08T19:56:31.632007Z,0.31,15,yes,17f1b2b7-82dd-4a9e-6089-ed295bc258b6
KXLIGAMXGAME-25NOV08CDGMON-MON,2025-11-08T19:50:46.227312Z,0.31,18,yes,0349253a-7d0d-66c2-3555-c782c5ff8b56
KXLIGAMXGAME-25NOV08CDGMON-MON,2025-11-08T19:40:30.390267Z,0.31,61,yes,a298d04f-a5b9-403e-06d8-645996fe29ca
KXLIGAMXGAME-25NOV08CDGMON-MON,2025-11-08T18:17:08.641206Z,0.31,6,yes,20cb0752-0d12-56ef-73d5-eff8c472aae8
KXLIGAMXGAME-25NOV08CDGMON-MON,2025-11-08T18:04:04.823387Z,0.31,46,yes,bbf50744-0bfa-76ff-3583-3f2409fe3e58
KXLIGAMXGAME-25NOV08CDGMON-MON,2025-11-08T18:03:51.188885Z,0.31,34,yes,8ee9eba1-713e-6eab-81f2-dd1cb7dc2f00
KXLIGAMXGAME-25NOV08CDGMON-MON,2025-11-08T18:03:51.188885Z,0.29,12,yes,44726683-c62d-6860-92d4-8cd8b9acd3a7
KXLIGAMXGAME-25NOV08CDGMON-MON,2025-11-08T17:37:03.99088Z,0.29,32,yes,aaa144ba-dd49-51b8-8129-f1f85a61eeb3
KXLIGAMXGAME-25NOV08CDGMON-MON,2025-11-08T17:31:41.842884Z,0.29,65,yes,cdf41494-39fd-7134-8e92-323610fbc7fb
KXLIGAMXGAME-25NOV08CDGMON-MON,2025-11-08T17:24:50.755921Z,0.29,16,yes,0e2b672f-2bd1-5628-c0d4-3dadd760dc83
KXLIGAMXGAME-25NOV08CDGMON-MON,2025-11-08T17:10:39.986866Z,0.29,16,yes,52e01f8a-9361-447c-1371-0c5146e53907
KXLIGAMXGAME-25NOV08CDGMON-MON,2025-11-08T16:07:35.268543Z,0.3,17,yes,7b51ac29-4896-52b4-84e2-f839906dbf8f
KXLIGAMXGAME-25NOV08CDGMON-MON,2025-11-08T14:39:17.661007Z,0.3,62,yes,b956e4eb-d856-7820-03a0-9ea8c2e7db6b
KXLIGAMXGAME-25NOV08CDGMON-MON,2025-11-08T14:35:41.571668Z,0.3,50,yes,5d19842a-c342-6199-8933-8234103077b0
KXLIGAMXGAME-25NOV08CDGMON-MON,2025-11-08T13:35:43.027246Z,0.3,191,yes,be501fb3-d6ba-4e05-030a-8be30142c014
KXLIGAMXGAME-25NOV08CDGMON-MON,2025-11-08T12:40:01.44602Z,0.3,47,yes,96a51877-2753-42c6-ac3b-6052f83bb41a
KXLIGAMXGAME-25NOV08CDGMON-MON,2025-11-08T07:02:59.723482Z,0.31,4,yes,73c4400a-fc27-73ff-74f8-2818c381225c
KXLIGAMXGAME-25NOV08CDGMON-MON,2025-11-08T06:38:27.32954Z,0.31,6,yes,3f415c47-e00f-6577-543c-69b578528704
KXLIGAMXGAME-25NOV08CDGMON-MON,2025-11-08T05:46:46.147421Z,0.31,9,yes,670fd794-7d6b-504f-e009-73fd737efe64
KXLIGAMXGAME-25NOV08CDGMON-MON,2025-11-08T05:43:26.329745Z,0.31,12,yes,d44b38a7-708f-46a3-b003-baa293ddf174
KXLIGAMXGAME-25NOV08CDGMON-MON,2025-11-08T04:38:32.235737Z,0.31,46,yes,91006cbd-e5b7-5664-9705-9495b5640777
KXLIGAMXGAME-25NOV08CDGMON-MON,2025-11-08T02:22:52.121246Z,0.31,92,yes,78b17126-4d2f-7cf8-e27e-346a2b800ecb
KXLIGAMXGAME-25NOV08CDGMON-MON,2025-11-08T01:48:03.568838Z,0.31,15,yes,47e57999-f57b-6914-b68b-bcbc1a73cc1b
