ticker,created_time,price,count,taker_side,trade_id
KXLIGAMXGAME-25NOV07MAZNCX-MAZ,2025-11-08T05:16:20.240147Z,0.04,234,yes,e561ce13-1698-74d1-439c-d736bae3d49f
KXLIGAMXGAME-25NOV07MAZNCX-MAZ,2025-11-08T05:13:09.352856Z,0.05,139,yes,a48240e5-f255-549d-012e-d5ecc577382b
KXLIGAMXGAME-25NOV07MAZNCX-MAZ,2025-11-08T05:11:56.53607Z,0.01,321,no,6b5097a6-76d9-57eb-2966-dc484c85cc82
KXLIGAMXGAME-25NOV07MAZNCX-MAZ,2025-11-08T05:11:56.53607Z,0.01,475,no,514c2ab5-7ff9-5e53-1f07-d8419fbced38
KXLIGAMXGAME-25NOV07MAZNCX-MAZ,2025-11-08T05:11:50.78227Z,0.02,103,no,c761fff7-6f89-6061-2161-272d8510deb0
KXLIGAMXGAME-25NOV07MAZNCX-MAZ,2025-11-08T05:11:50.78227Z,0.02,500,no,b2ba6781-58ba-6515-064c-6edbb74489fb
KXLIGAMXGAME-25NOV07MAZNCX-MAZ,2025-11-08T05:11:50.78227Z,0.01,47,no,3cb7a3b3-2735-67bb-38ec-01e932eaf164
KXLIGAMXGAME-25NOV07MAZNCX-MAZ,2025-11-08T05:11:46.738839Z,0.02,111,no,5073de12-aefd-5b8d-612b-2ab29643c594
KXLIGAMXGAME-25NOV07MAZNCX-MAZ,2025-11-08T05:11:35.084732Z,0.02,60,no,dc42e6c4-60dd-7dd9-02ed-2abdb9cc2a6c
KXLIGAMXGAME-25NOV07MAZNCX-MAZ,2025-11-08T05:11:32.257677Z,0.05,839,no,a4ebf2e7-d56b-6401-b84e-38fe3e19abff
KXLIGAMXGAME-25NOV07MAZNCX-MAZ,2025-11-08T05:11:32.257677Z,0.02,226,no,a414f21b-cf11-6529-ad63-dedb135e2cc8
KXLIGAMXGAME-25NOV07MAZNCX-MAZ,2025-11-08T05:11:32.257677Z,0.03,200,no,8dec92e0-0ea5-6c15-8ef1-c79c62b7170b
KXLIGAMXGAME-25NOV07MAZNCX-MAZ,2025-11-08T05:11:32.257677Z,0.04,300,no,0bfb091f-a413-638c-9afa-7041fe222067
KXLIGAMXGAME-25NOV07MAZNCX-MAZ,2025-11-08T05:11:26.917765Z,0.05,27,no,9a4d0d5f-37a3-4d8d-718a-274f36b62797
KXLIGAMXGAME-25NOV07MAZNCX-MAZ,2025-11-08T05:11:25.606008Z,0.05,17,no,9f9cf15e-c9ff-5dd9-8106-26cbe6329ec7
KXLIGAMXGAME-25NOV07MAZNCX-MAZ,2025-11-08T05:11:24.829795Z,0.05,74,no,a3cd4566-b0bb-7491-832b-659bf63b990b
KXLIGAMXGAME-25NOV07MAZNCX-MAZ,2025-11-08T05:11:22.740363Z,0.05,31,no,f5be16fd-b3e7-7f21-8b74-0f99016d4b2b
KXLIGAMXGAME-25NOV07MAZNCX-MAZ,2025-11-08T05:11:22.46897Z,0.05,37,no,b432d0c1-68e7-4ff1-4a6f-9cf8088c1f6b
KXLIGAMXGAME-25NOV07MAZNCX-MAZ,2025-11-08T05:11:20.562889Z,0.07,10,no,89aecd20-16fb-77bd-186b-d696cd774280
KXLIGAMXGAME-25NOV07MAZNCX-MAZ,2025-11-08T05:11:20.562889Z,0.05,275,no,815b423c-9f5b-7435-0f34-6025afcbf85f
KXLIGAMXGAME-25NOV07MAZNCX-MAZ,2025-11-08T05:11:19.63348Z,0.07,19,no,e2751090-adeb-4fa5-7591-eacfa152e84c
KXLIGAMXGAME-25NOV07MAZNCX-MAZ,2025-11-08T05:11:16.810652Z,0.07,1,no,9754c8e6-23a3-74c5-e339-f4bc17a617c0
KXLIGAMXGAME-25NOV07MAZNCX-MAZ,2025-11-08T05:11:13.51778Z,0.06,84,no,4ba26a1f-3044-7aed-bffd-4bff86fdc820
KXLIGAMXGAME-25NOV07MAZNCX-MAZ,2025-11-08T05:11:08.513971Z,0.2,46,no,7982e3b9-553d-4c50-129e-3670937ee2bc
KXLIGAMXGAME-25NOV07MAZNCX-MAZ,2025-11-08T05:11:08.513971Z,0.15,194,no,76ef7a6a-48f8-4871-097c-3120891afe64
KXLIGAMXGAME-25NOV07MAZNCX-MAZ,2025-11-08T05:11:08.513971Z,0.16,221,no,4f5333a3-92ee-4f18-2bf6-ec353e8dee16
KXLIGAMXGAME-25NOV07MAZNCX-MAZ,2025-11-08T05:11:05.359238Z,0.2,10,no,ad0dedfa-3545-47f4-9340-8119e511b7f0
KXLIGAMXGAME-25NOV07MAZNCX-MAZ,2025-11-08T05:11:05.359238Z,0.23,20,no,95986ff3-08ba-4b4f-9e6f-77177338b5fa
KXLIGAMXGAME-25NOV07MAZNCX-MAZ,2025-11-08T05:11:02.52695Z,0.23,10,no,b73345d3-15e2-4b5f-ddae-48fe84d078f2
KXLIGAMXGAME-25NOV07MAZNCX-MAZ,2025-11-08T05:10:57.191617Z,0.97,102,yes,fe3ee8f2-89be-7112-1017-bf9a2153cc8c
KXLIGAMXGAME-25NOV07MAZNCX-MAZ,2025-11-08T05:10:48.587429Z,0.98,101,yes,9f899bf0-8b5a-5349-357e-4d08294920c7
KXLIGAMXGAME-25NOV07MAZNCX-MAZ,2025-11-08T05:10:47.492457Z,0.2,24,no,8b7e84a5-2fd9-6eec-c401-3da62c115dd8
KXLIGAMXGAME-25NOV07MAZNCX-MAZ,2025-11-08T05:10:39.291118Z,0.98,72,yes,e7094990-cad2-76bd-55f4-e766e8ca1623
KXLIGAMXGAME-25NOV07MAZNCX-MAZ,2025-11-08T05:10:39.291118Z,0.97,30,yes,437d3cc7-7212-7a43-505f-2676bc161e61
KXLIGAMXGAME-25NOV07MAZNCX-MAZ,2025-11-08T05:10:30.912887Z,0.97,102,yes,e2a77d5d-1ade-7c3f-7ed4-33d549a88321
KXLIGAMXGAME-25NOV07MAZNCX-MAZ,2025-11-08T05:10:12.05592Z,0.96,90,yes,e25061b1-4725-7570-ca27-ab0e13b46416
KXLIGAMXGAME-25NOV07MAZNCX-MAZ,2025-11-08T05:10:12.05592Z,0.97,436,yes,cb218938-6650-7adf-e6c6-1b4cd4738ff1
KXLIGAMXGAME-25NOV07MAZNCX-MAZ,2025-11-08T05:10:12.05592Z,0.97,80,yes,bedf164e-1b65-7828-d940-33347c6e25cb
KXLIGAMXGAME-25NOV07MAZNCX-MAZ,2025-11-08T05:10:12.05592Z,0.97,68,yes,80f00c72-7cde-7dd7-ce76-be959d4da485
KXLIGAMXGAME-25NOV07MAZNCX-MAZ,2025-11-08T05:10:12.05592Z,0.96,100,yes,63981325-e27f-72f0-e67c-16745bcfd9fb
KXLIGAMXGAME-25NOV07MAZNCX-MAZ,2025-11-08T05:10:12.05592Z,0.95,7,yes,556accd8-9fe7-74c3-da31-7638a0bd5013
KXLIGAMXGAME-25NOV07MAZNCX-MAZ,2025-11-08T05:10:07.599504Z,0.95,18,yes,9f808aef-21db-5cbb-c8ea-cdf92d1dacab
KXLIGAMXGAME-25NOV07MAZNCX-MAZ,2025-11-08T05:10:07.599504Z,0.95,1,yes,2acaaba5-0189-5638-fdf4-658a3f12ed97
KXLIGAMXGAME-25NOV07MAZNCX-MAZ,2025-11-08T05:09:44.979905Z,0.96,10,yes,936c8eec-1959-6e90-0159-f7a84edeef62
KXLIGAMXGAME-25NOV07MAZNCX-MAZ,2025-11-08T05:09:40.477682Z,0.16,1,no,cbbf749f-74c2-4fb8-b9df-a7e696fd5426
KXLIGAMXGAME-25NOV07MAZNCX-MAZ,2025-11-08T05:09:16.364132Z,0.96,100,yes,7671caf6-5ca1-6153-e027-1570c2c5f892
KXLIGAMXGAME-25NOV07MAZNCX-MAZ,2025-11-08T05:09:16.364132Z,0.95,100,yes,57cb30d9-f599-601b-c2fa-17a591493ad6
KXLIGAMXGAME-25NOV07MAZNCX-MAZ,2025-11-08T05:08:49.198762Z,0.97,1,yes,abe80274-206d-7554-de9e-167cb429dbd3
KXLIGAMXGAME-25NOV07MAZNCX-MAZ,2025-11-08T05:08:11.270678Z,0.92,19,yes,a85a24dd-2122-6a20-b0fe-d3ae59671a47
KXLIGAMXGAME-25NOV07MAZNCX-MAZ,2025-11-08T05:08:11.270678Z,0.96,60,yes,4cad7f16-cd40-64fe-80db-7ab8fe967541
KXLIGAMXGAME-25NOV07MAZNCX-MAZ,2025-11-08T05:07:51.645839Z,0.92,1,yes,b81f4c3d-1c66-58ac-fd54-1691e40cbeeb
KXLIGAMXGAME-25NOV07MAZNCX-MAZ,2025-11-08T05:07:39.928487Z,0.93,20,no,84bbcf19-e55d-5118-b6f5-05adf0e42f1e
KXLIGAMXGAME-25NOV07MAZNCX-MAZ,2025-11-08T05:07:05.32803Z,0.96,43,yes,bbc8f242-35ac-4244-8b48-11db8f9d9ef8
KXLIGAMXGAME-25NOV07MAZNCX-MAZ,2025-11-08T05:07:05.32803Z,0.96,32,yes,38d3ddb9-3d46-4287-90b4-a1491cf52450
KXLIGAMXGAME-25NOV07MAZNCX-MAZ,2025-11-08T05:06:59.585173Z,0.96,31,yes,f7eb9304-f418-4068-d944-45d476ad2728
KXLIGAMXGAME-25NOV07MAZNCX-MAZ,2025-11-08T05:06:50.323591Z,0.96,25,yes,76201644-a410-5a98-3e6b-1eaee82dab84
KXLIGAMXGAME-25NOV07MAZNCX-MAZ,2025-11-08T05:06:44.077206Z,0.96,1,yes,8e32069a-f4e4-43f4-1b7d-34da92a67e68
KXLIGAMXGAME-25NOV07MAZNCX-MAZ,2025-11-08T05:06:18.729767Z,0.9,47,yes,e1fcf5b1-4b75-7c6d-2b12-3e9336a4cc0a
KXLIGAMXGAME-25NOV07MAZNCX-MAZ,2025-11-08T05:06:18.729767Z,0.97,119,yes,b80fd7d1-5889-7628-0030-4bae98c86ef7
KXLIGAMXGAME-25NOV07MAZNCX-MAZ,2025-11-08T05:06:18.729767Z,0.89,78,yes,43adcc35-84a0-7453-37d8-a09d81ad501b
KXLIGAMXGAME-25NOV07MAZNCX-MAZ,2025-11-08T05:06:18.729767Z,0.94,81,yes,0530f991-48be-7d62-1a79-c625e4a241d6
KXLIGAMXGAME-25NOV07MAZNCX-MAZ,2025-11-08T05:06:02.471722Z,0.9,11,no,4b3081e0-ae77-5ec3-796e-7b07ea1764d4
KXLIGAMXGAME-25NOV07MAZNCX-MAZ,2025-11-08T05:05:57.701674Z,0.93,432,yes,698c6e1a-334a-6687-3f80-59b4ee64fd49
KXLIGAMXGAME-25NOV07MAZNCX-MAZ,2025-11-08T05:05:57.701674Z,0.94,419,yes,2bad539e-5326-6b1e-2457-2092b087a2da
KXLIGAMXGAME-25NOV07MAZNCX-MAZ,2025-11-08T05:05:49.060731Z,0.93,10,yes,4bf6c59a-a9a6-5093-252b-98171358da1d
KXLIGAMXGAME-25NOV07MAZNCX-MAZ,2025-11-08T05:05:45.65163Z,0.91,33,yes,fe72510a-e635-5d8b-f1e5-4ac01b086657
KXLIGAMXGAME-25NOV07MAZNCX-MAZ,2025-11-08T05:05:45.65163Z,0.93,58,yes,1b072134-9d3e-5ca3-e7b4-369c95a0898d
KXLIGAMXGAME-25NOV07MAZNCX-MAZ,2025-11-08T05:05:37.850222Z,0.91,54,yes,04e314c0-1031-69b7-1c61-f9ef55315b13
KXLIGAMXGAME-25NOV07MAZNCX-MAZ,2025-11-08T05:05:30.886764Z,0.9,25,no,5c3f0182-21a7-657b-a028-61eb61aed6d8
KXLIGAMXGAME-25NOV07MAZNCX-MAZ,2025-11-08T05:05:30.124914Z,0.91,10,yes,68722419-fbed-4f3b-c1fe-bd2bac0b2f77
KXLIGAMXGAME-25NOV07MAZNCX-MAZ,2025-11-08T05:05:16.57249Z,0.9,25,no,9cdd8199-da7b-536b-b5c9-290ffb5cac08
KXLIGAMXGAME-25NOV07MAZNCX-MAZ,2025-11-08T05:05:13.584558Z,0.9,25,no,0c94340d-3a5f-76e7-4a0a-547b88009a70
KXLIGAMXGAME-25NOV07MAZNCX-MAZ,2025-11-08T05:05:10.014707Z,0.9,24,no,3dea21d5-dcdf-5ddf-752b-587be01995b0
KXLIGAMXGAME-25NOV07MAZNCX-MAZ,2025-11-08T05:05:10.014707Z,0.9,1,no,0cf6004e-85a6-53a7-4768-271d22b82692
KXLIGAMXGAME-25NOV07MAZNCX-MAZ,2025-11-08T05:05:09.790101Z,0.91,110,yes,f1519202-ee51-482f-eef2-663ba8cf6f73
KXLIGAMXGAME-25NOV07MAZNCX-MAZ,2025-11-08T05:04:13.947193Z,0.91,1,yes,e4a72985-be2d-757f-a124-8ec652a1e3d7
KXLIGAMXGAME-25NOV07MAZNCX-MAZ,2025-11-08T05:04:13.306988Z,0.9,16,no,19b92e0e-5fe6-5def-edcf-f91f4322d52e
KXLIGAMXGAME-25NOV07MAZNCX-MAZ,2025-11-08T05:04:11.44279Z,0.91,34,yes,bfb81407-6899-4ee7-d73d-472d0120db53
KXLIGAMXGAME-25NOV07MAZNCX-MAZ,2025-11-08T05:04:06.036503Z,0.9,25,no,eb88d6df-844e-5c73-ed9f-7fd11cb5277e
KXLIGAMXGAME-25NOV07MAZNCX-MAZ,2025-11-08T05:03:57.825852Z,0.8,7,no,f14d3dfc-3907-4ff0-7387-4125131d4d00
KXLIGAMXGAME-25NOV07MAZNCX-MAZ,2025-11-08T05:03:57.825852Z,0.75,18,no,04e5fe0c-fba2-473b-58d5-2f69d253f4fa
KXLIGAMXGAME-25NOV07MAZNCX-MAZ,2025-11-08T05:03:54.424691Z,0.8,25,no,cbb03288-bfab-6a50-a472-f314f04c2f40
KXLIGAMXGAME-25NOV07MAZNCX-MAZ,2025-11-08T05:03:51.470895Z,0.8,25,no,b2bd022e-fd53-5044-c1eb-911bdbffd80c
KXLIGAMXGAME-25NOV07MAZNCX-MAZ,2025-11-08T05:03:48.189496Z,0.8,25,no,16552ffa-78ff-4bdc-c935-6ad251cbe414
KXLIGAMXGAME-25NOV07MAZNCX-MAZ,2025-11-08T05:03:44.761664Z,0.8,25,no,7434ddfc-dd47-6d6c-8cd8-2d00c5c8ef5c
KXLIGAMXGAME-25NOV07MAZNCX-MAZ,2025-11-08T05:03:43.886852Z,0.91,208,yes,48941514-6761-5953-2419-86e8b61defdb
KXLIGAMXGAME-25NOV07MAZNCX-MAZ,2025-11-08T05:03:40.830946Z,0.8,25,no,5fa27177-1e37-7aac-10f3-d8640510d9ac
KXLIGAMXGAME-25NOV07MAZNCX-MAZ,2025-11-08T05:03:37.67413Z,0.8,25,no,64c97624-e0c3-6360-b633-6ea42e922178
KXLIGAMXGAME-25NOV07MAZNCX-MAZ,2025-11-08T05:03:33.614856Z,0.8,25,no,8630b253-385b-7510-0bed-4ff1194b50a8
KXLIGAMXGAME-25NOV07MAZNCX-MAZ,2025-11-08T05:03:30.457006Z,0.8,25,no,24bc5452-4c7b-7248-ae8c-a096658c6c68
KXLIGAMXGAME-25NOV07MAZNCX-MAZ,2025-11-08T05:03:30.409097Z,0.91,163,yes,e3880a47-2471-6f2b-b7fa-738a7866b2b7
KXLIGAMXGAME-25NOV07MAZNCX-MAZ,2025-11-08T05:03:28.380059Z,0.91,1,yes,3fb7f4d3-eaed-4b7f-f7ae-21b682df350b
KXLIGAMXGAME-25NOV07MAZNCX-MAZ,2025-11-08T05:03:27.086486Z,0.8,25,no,0870da2a-d38b-6da4-eeca-faabb53fc220
KXLIGAMXGAME-25NOV07MAZNCX-MAZ,2025-11-08T05:03:23.91915Z,0.8,25,no,41ec7afe-f853-44c4-0514-8dbb19bd301c
KXLIGAMXGAME-25NOV07MAZNCX-MAZ,2025-11-08T05:03:19.730317Z,0.8,25,no,0e19b5f4-5433-6d88-5c14-91613334f980
KXLIGAMXGAME-25NOV07MAZNCX-MAZ,2025-11-08T05:03:16.106341Z,0.8,25,no,925a04a6-c003-7494-ca2f-e3a5f41d1950
KXLIGAMXGAME-25NOV07MAZNCX-MAZ,2025-11-08T05:03:13.50367Z,0.8,25,no,ce4f259c-dd3f-7c8c-5b40-348801e6b8ac
KXLIGAMXGAME-25NOV07MAZNCX-MAZ,2025-11-08T05:03:12.23445Z,0.91,27,yes,03a01312-1209-7bd3-0219-938bcfba0a3f
KXLIGAMXGAME-25NOV07MAZNCX-MAZ,2025-11-08T05:03:09.560442Z,0.8,25,no,98e22c9b-bae7-5a80-1d1f-d171eb5777fc
KXLIGAMXGAME-25NOV07MAZNCX-MAZ,2025-11-08T05:03:06.599024Z,0.8,25,no,bc89a966-448b-7514-7d55-8cd7db2de7a0
KXLIGAMXGAME-25NOV07MAZNCX-MAZ,2025-11-08T05:03:05.984382Z,0.8,7,no,7251aa79-a357-5db8-84b5-35290fb24d64
KXLIGAMXGAME-25NOV07MAZNCX-MAZ,2025-11-08T05:03:02.016899Z,0.8,25,no,f4a723b0-74ab-47e0-54a2-1655eeac77ec
KXLIGAMXGAME-25NOV07MAZNCX-MAZ,2025-11-08T05:02:57.570864Z,0.8,25,no,e8038ca7-6037-7a9c-faba-046c87ef72d8
KXLIGAMXGAME-25NOV07MAZNCX-MAZ,2025-11-08T05:02:54.324317Z,0.8,25,no,d4732496-65b7-532c-f8f8-94cc95d402b0
KXLIGAMXGAME-25NOV07MAZNCX-MAZ,2025-11-08T05:02:51.177906Z,0.8,25,no,930f06d2-22cf-45a8-b413-651317603b8c
KXLIGAMXGAME-25NOV07MAZNCX-MAZ,2025-11-08T05:02:49.554317Z,0.91,50,yes,72bd8628-4abd-69bb-226a-6eeae40c73b7
KXLIGAMXGAME-25NOV07MAZNCX-MAZ,2025-11-08T05:02:47.490859Z,0.8,25,no,d9ab2b1d-373f-7208-a781-484d44ea8c30
KXLIGAMXGAME-25NOV07MAZNCX-MAZ,2025-11-08T05:02:38.598569Z,0.91,109,yes,af102f85-958d-7abb-8d57-3426b5d594c3
KXLIGAMXGAME-25NOV07MAZNCX-MAZ,2025-11-08T05:02:06.818202Z,0.89,70,yes,f61db7d2-496a-6f2f-6060-631717edfc56
KXLIGAMXGAME-25NOV07MAZNCX-MAZ,2025-11-08T05:02:06.818202Z,0.9,206,yes,b37a933f-db90-6bdf-6c61-e792a553ac4b
KXLIGAMXGAME-25NOV07MAZNCX-MAZ,2025-11-08T05:01:54.938718Z,0.84,235,yes,5a29790f-6bc3-5a69-ab39-2650006620a9
KXLIGAMXGAME-25NOV07MAZNCX-MAZ,2025-11-08T05:01:52.322342Z,0.84,259,yes,f328cf40-ce88-506f-5495-635745d173be
KXLIGAMXGAME-25NOV07MAZNCX-MAZ,2025-11-08T05:01:52.322342Z,0.85,34,yes,b65f4ec5-a86e-55f5-7d0f-0ca1ef3e5c8c
KXLIGAMXGAME-25NOV07MAZNCX-MAZ,2025-11-08T05:01:50.72176Z,0.84,1,yes,b28dd6d6-2f89-69a9-a998-7620afd2980c
KXLIGAMXGAME-25NOV07MAZNCX-MAZ,2025-11-08T05:01:41.41576Z,0.87,274,yes,f040f657-49dd-553b-325b-59c12e82a830
KXLIGAMXGAME-25NOV07MAZNCX-MAZ,2025-11-08T05:01:41.41576Z,0.74,12,yes,114d8fe9-aff1-5b84-17e5-d44a57b5344f
KXLIGAMXGAME-25NOV07MAZNCX-MAZ,2025-11-08T05:01:38.705775Z,0.74,25,yes,1cdad407-8531-6ae0-46da-00687d56716b
KXLIGAMXGAME-25NOV07MAZNCX-MAZ,2025-11-08T05:01:22.409619Z,0.74,28,yes,7ee2165a-65fa-4fcf-73f7-092caee5d5f6
KXLIGAMXGAME-25NOV07MAZNCX-MAZ,2025-11-08T05:01:22.409619Z,0.73,25,yes,2fcfec27-35f1-485f-4384-1861558dcf1c
KXLIGAMXGAME-25NOV07MAZNCX-MAZ,2025-11-08T05:00:47.716113Z,0.75,6,yes,bb6d8948-b482-58ea-82e8-50320bad00ee
KXLIGAMXGAME-25NOV07MAZNCX-MAZ,2025-11-08T05:00:44.186391Z,0.73,25,no,ce28d2bd-c4a5-4249-77f1-883f1b72f06b
KXLIGAMXGAME-25NOV07MAZNCX-MAZ,2025-11-08T05:00:39.454591Z,0.73,25,no,dc2afc15-1a25-5e49-a292-5ae21d96418f
KXLIGAMXGAME-25NOV07MAZNCX-MAZ,2025-11-08T05:00:30.560307Z,0.74,25,no,28c01e72-c897-7f38-5c6a-50f608c8e2f0
KXLIGAMXGAME-25NOV07MAZNCX-MAZ,2025-11-08T05:00:27.240432Z,0.74,25,no,0e481be7-cbd7-76b8-f042-ca0f0980e230
KXLIGAMXGAME-25NOV07MAZNCX-MAZ,2025-11-08T05:00:22.048263Z,0.72,17,no,b8156913-14fa-7924-f8d9-69f5bb0925a4
KXLIGAMXGAME-25NOV07MAZNCX-MAZ,2025-11-08T05:00:20.272505Z,0.75,26,yes,9721a310-87be-5436-05c1-6aff27a04f26
KXLIGAMXGAME-25NOV07MAZNCX-MAZ,2025-11-08T05:00:15.385786Z,0.75,3,yes,f6bbb142-c365-5776-2787-fa4710d17d33
KXLIGAMXGAME-25NOV07MAZNCX-MAZ,2025-11-08T05:00:15.385786Z,0.75,301,yes,77e4ab98-ca05-5f4f-1652-f6652bac2c5c
KXLIGAMXGAME-25NOV07MAZNCX-MAZ,2025-11-08T05:00:15.11882Z,0.75,16,yes,89a49d70-6b41-7c8f-91b0-d59a1ee70af4
KXLIGAMXGAME-25NOV07MAZNCX-MAZ,2025-11-08T05:00:13.102802Z,0.75,42,yes,bfcb0e8d-b789-7448-04fd-608494779741
KXLIGAMXGAME-25NOV07MAZNCX-MAZ,2025-11-08T05:00:13.102802Z,0.75,10,yes,63ccaf7e-36b7-75b4-3e9a-00c3b37ad438
KXLIGAMXGAME-25NOV07MAZNCX-MAZ,2025-11-08T05:00:13.102802Z,0.75,65,yes,393d5d69-1ad0-7406-0e0a-d396ba45b168
KXLIGAMXGAME-25NOV07MAZNCX-MAZ,2025-11-08T05:00:13.102802Z,0.75,66,yes,17249db6-f0b5-78ef-3af9-28d441174e48
KXLIGAMXGAME-25NOV07MAZNCX-MAZ,2025-11-08T05:00:12.651957Z,0.75,383,yes,a993f4b1-65c9-5b4c-1503-31709fabd289
KXLIGAMXGAME-25NOV07MAZNCX-MAZ,2025-11-08T05:00:12.117419Z,0.72,25,no,89910540-c47e-6178-a4ec-73dadbbcce22
KXLIGAMXGAME-25NOV07MAZNCX-MAZ,2025-11-08T05:00:09.086613Z,0.75,65,yes,a91b6239-342d-7768-3ca4-cc1f75e12151
KXLIGAMXGAME-25NOV07MAZNCX-MAZ,2025-11-08T05:00:08.797143Z,0.72,25,no,f4a3d762-e0be-7320-6193-b7f7c87087de
KXLIGAMXGAME-25NOV07MAZNCX-MAZ,2025-11-08T05:00:04.481644Z,0.72,25,no,b065a297-5246-4d48-09f4-4412a757a74a
KXLIGAMXGAME-25NOV07MAZNCX-MAZ,2025-11-08T05:00:01.670917Z,0.75,10,yes,e035b2e1-03d1-641c-7266-dcfb409e4b1d
KXLIGAMXGAME-25NOV07MAZNCX-MAZ,2025-11-08T04:59:59.187088Z,0.72,25,no,c57b2e65-59fe-7844-6b86-f68c487236fa
KXLIGAMXGAME-25NOV07MAZNCX-MAZ,2025-11-08T04:59:58.868012Z,0.72,18,no,28396358-2ae6-70f8-198d-6c9d38105a36
KXLIGAMXGAME-25NOV07MAZNCX-MAZ,2025-11-08T04:59:54.109397Z,0.72,152,no,86d8f8a3-4de6-63dc-2bf8-b7c28e1cad2e
KXLIGAMXGAME-25NOV07MAZNCX-MAZ,2025-11-08T04:59:49.484736Z,0.71,4,no,0ab62ff2-6c36-54df-fb6b-f02b3c46294f
KXLIGAMXGAME-25NOV07MAZNCX-MAZ,2025-11-08T04:59:46.054256Z,0.74,54,yes,9662090c-2946-4ded-791e-cf35da9126e3
KXLIGAMXGAME-25NOV07MAZNCX-MAZ,2025-11-08T04:59:46.054256Z,0.74,211,yes,6ff8ed12-630d-446e-6f54-888fb9d7f5bc
KXLIGAMXGAME-25NOV07MAZNCX-MAZ,2025-11-08T04:59:44.625144Z,0.74,289,yes,59dde2fe-7a81-43fa-16e8-50122a8b7f70
KXLIGAMXGAME-25NOV07MAZNCX-MAZ,2025-11-08T04:59:44.444493Z,0.71,25,no,5dd531af-1122-6563-bfc9-740bfc923bdf
KXLIGAMXGAME-25NOV07MAZNCX-MAZ,2025-11-08T04:59:38.607398Z,0.71,25,no,56b1276f-03f9-7fc9-78f6-22fd9be60dc6
KXLIGAMXGAME-25NOV07MAZNCX-MAZ,2025-11-08T04:59:36.83292Z,0.73,134,yes,2eecc26c-300d-5e4c-8906-a4d7129e357a
KXLIGAMXGAME-25NOV07MAZNCX-MAZ,2025-11-08T04:59:35.602602Z,0.71,25,no,9311e5e9-88bd-71a9-3e88-859f9f1d6a46
KXLIGAMXGAME-25NOV07MAZNCX-MAZ,2025-11-08T04:59:29.570079Z,0.7,25,no,14e9cfc8-b547-4631-f12c-129a3aeed2ae
KXLIGAMXGAME-25NOV07MAZNCX-MAZ,2025-11-08T04:59:17.772636Z,0.69,25,no,074eee5a-7ab3-7d78-32f8-09cd41613c38
KXLIGAMXGAME-25NOV07MAZNCX-MAZ,2025-11-08T04:59:16.107236Z,0.71,46,yes,ff84deaa-69da-4894-7e58-e51124fdc52a
KXLIGAMXGAME-25NOV07MAZNCX-MAZ,2025-11-08T04:59:16.107236Z,0.69,25,yes,d7b807e7-1a92-49cd-4f10-e18e2d074744
KXLIGAMXGAME-25NOV07MAZNCX-MAZ,2025-11-08T04:59:15.390583Z,0.68,25,no,26dac145-5ea8-4a71-c18b-73bc4fe7c6d5
KXLIGAMXGAME-25NOV07MAZNCX-MAZ,2025-11-08T04:59:11.567877Z,0.68,25,no,17987bea-8518-6581-7742-204a6799dd49
KXLIGAMXGAME-25NOV07MAZNCX-MAZ,2025-11-08T04:59:01.817278Z,0.7,25,no,5b481805-f2e4-461f-75e1-abd6785120a9
KXLIGAMXGAME-25NOV07MAZNCX-MAZ,2025-11-08T04:59:01.291731Z,0.72,24,yes,9493039a-18e8-5697-a204-fff97504f233
KXLIGAMXGAME-25NOV07MAZNCX-MAZ,2025-11-08T04:58:58.883626Z,0.72,5,yes,c1fdb1ca-4bcc-5ad7-dd71-2989da6bc333
KXLIGAMXGAME-25NOV07MAZNCX-MAZ,2025-11-08T04:58:58.670677Z,0.7,25,no,1d17c717-a400-4a9b-4403-7431ec0916c9
KXLIGAMXGAME-25NOV07MAZNCX-MAZ,2025-11-08T04:58:55.78317Z,0.7,25,no,97c2fbe2-7434-4e63-c699-516d1996659d
KXLIGAMXGAME-25NOV07MAZNCX-MAZ,2025-11-08T04:58:55.295912Z,0.7,26,no,056e16d4-ee58-49a3-f575-442b589fc289
KXLIGAMXGAME-25NOV07MAZNCX-MAZ,2025-11-08T04:58:52.910814Z,0.7,12,no,cb5e9271-a91c-56d3-93eb-46e4ae4d6b4d
KXLIGAMXGAME-25NOV07MAZNCX-MAZ,2025-11-08T04:58:52.48642Z,0.7,25,no,e37ab77c-5568-419f-c58f-ded5d39728e5
KXLIGAMXGAME-25NOV07MAZNCX-MAZ,2025-11-08T04:58:52.388349Z,0.7,74,no,fbc28656-fd30-4e3b-1bd9-8a22a4e280e5
KXLIGAMXGAME-25NOV07MAZNCX-MAZ,2025-11-08T04:58:49.445871Z,0.7,23,no,2604cca1-0f88-4f17-c8ab-94704795b34d
KXLIGAMXGAME-25NOV07MAZNCX-MAZ,2025-11-08T04:58:49.222123Z,0.7,25,no,fcc2bdac-5eec-40df-a5f6-0a13d7b09e25
KXLIGAMXGAME-25NOV07MAZNCX-MAZ,2025-11-08T04:58:46.521755Z,0.06,26,no,e10e0ada-41ae-7f92-34b7-465b00e8bf3c
KXLIGAMXGAME-25NOV07MAZNCX-MAZ,2025-11-08T04:58:36.930319Z,0.9,4,yes,a7836b9b-fbb3-656e-aa50-b3540b55b13b
KXLIGAMXGAME-25NOV07MAZNCX-MAZ,2025-11-08T04:57:52.760384Z,0.06,34,no,f7639eb2-9be3-772b-9791-ab5d29a7dd13
KXLIGAMXGAME-25NOV07MAZNCX-MAZ,2025-11-08T04:57:52.760384Z,0.5,16,no,b624dee0-5388-79cb-8a64-6016de5b29de
KXLIGAMXGAME-25NOV07MAZNCX-MAZ,2025-11-08T04:57:52.760384Z,0.06,27,no,afb26173-d70e-76f2-916e-3454c691b04c
KXLIGAMXGAME-25NOV07MAZNCX-MAZ,2025-11-08T04:57:52.760384Z,0.06,25,no,950d038c-52b2-7e73-8624-4d892325577f
KXLIGAMXGAME-25NOV07MAZNCX-MAZ,2025-11-08T04:57:52.760384Z,0.25,87,no,34787cd3-9b29-72b0-be87-ff2a089a590d
KXLIGAMXGAME-25NOV07MAZNCX-MAZ,2025-11-08T04:57:52.760384Z,0.63,20,no,1c3522a4-1cf4-7138-a9fa-cbe9cc2dea7a
KXLIGAMXGAME-25NOV07MAZNCX-MAZ,2025-11-08T04:57:43.222758Z,0.68,25,no,60828a58-4b41-42d4-957e-3e16f1c17fe3
KXLIGAMXGAME-25NOV07MAZNCX-MAZ,2025-11-08T04:57:40.431849Z,0.68,25,no,732c1b69-8d79-7438-6b94-39d9e02fcda3
KXLIGAMXGAME-25NOV07MAZNCX-MAZ,2025-11-08T04:57:37.30289Z,0.68,25,no,2f3d541d-2925-71c0-c082-b04b1c66636b
KXLIGAMXGAME-25NOV07MAZNCX-MAZ,2025-11-08T04:57:34.488009Z,0.71,44,yes,b2b2ff45-1e44-790a-1a40-b5daa60fdc4d
KXLIGAMXGAME-25NOV07MAZNCX-MAZ,2025-11-08T04:57:33.627916Z,0.68,25,no,6642ace3-caf1-6770-0443-58be52e145db
KXLIGAMXGAME-25NOV07MAZNCX-MAZ,2025-11-08T04:57:33.293795Z,0.71,44,yes,4894bea9-95f0-59e6-523e-95f83bff55bd
KXLIGAMXGAME-25NOV07MAZNCX-MAZ,2025-11-08T04:57:30.656562Z,0.68,25,no,4f65fa90-f8c5-5dd0-3127-41ea03bdf51f
KXLIGAMXGAME-25NOV07MAZNCX-MAZ,2025-11-08T04:57:27.724915Z,0.68,25,no,b3306f35-0b99-4f54-be38-1e598a8b01e3
KXLIGAMXGAME-25NOV07MAZNCX-MAZ,2025-11-08T04:57:24.608272Z,0.7,139,yes,74af07af-21e4-52fe-dd3c-70ed0902a614
KXLIGAMXGAME-25NOV07MAZNCX-MAZ,2025-11-08T04:57:24.514351Z,0.67,20,no,ab64cb38-e9b2-67ae-70c4-82e7b1b8fc10
KXLIGAMXGAME-25NOV07MAZNCX-MAZ,2025-11-08T04:57:24.514351Z,0.67,5,no,7e7aa8e0-8324-62d9-7cb1-eaa7ccbc07b5
KXLIGAMXGAME-25NOV07MAZNCX-MAZ,2025-11-08T04:57:21.653742Z,0.67,25,no,16f4bd69-e290-6385-ab0b-6fb22c5ba4d5
KXLIGAMXGAME-25NOV07MAZNCX-MAZ,2025-11-08T04:57:17.867177Z,0.67,25,no,75be6447-564c-6269-90da-019324694d35
KXLIGAMXGAME-25NOV07MAZNCX-MAZ,2025-11-08T04:57:14.972706Z,0.67,25,no,a15180bd-abd8-5229-a4f7-47db511c024d
KXLIGAMXGAME-25NOV07MAZNCX-MAZ,2025-11-08T04:57:11.677668Z,0.67,25,no,5ccabec9-c86c-75bd-d0de-8e62fae45999
KXLIGAMXGAME-25NOV07MAZNCX-MAZ,2025-11-08T04:57:08.904118Z,0.67,25,no,c8893304-62b8-4085-ea42-03a9a84ff891
KXLIGAMXGAME-25NOV07MAZNCX-MAZ,2025-11-08T04:57:05.524033Z,0.67,25,no,f2930f64-7970-4285-3bf6-d4717e362699
KXLIGAMXGAME-25NOV07MAZNCX-MAZ,2025-11-08T04:57:05.329087Z,0.7,148,yes,60c7b972-b644-710e-15ce-25a86f72a428
KXLIGAMXGAME-25NOV07MAZNCX-MAZ,2025-11-08T04:57:04.447718Z,0.7,21,yes,faa7241c-ae48-6eea-dca5-2af9a52b08b0
KXLIGAMXGAME-25NOV07MAZNCX-MAZ,2025-11-08T04:57:02.964714Z,0.7,2,yes,07662eb2-21d4-692a-3b5b-fa6c43c5fa60
KXLIGAMXGAME-25NOV07MAZNCX-MAZ,2025-11-08T04:57:01.475709Z,0.67,25,no,376d2fb7-9b90-7db5-34f9-cba478f458ed
KXLIGAMXGAME-25NOV07MAZNCX-MAZ,2025-11-08T04:56:58.639303Z,0.67,25,no,20a6a6ff-a1c8-6a21-7f7f-5bd75bb85491
KXLIGAMXGAME-25NOV07MAZNCX-MAZ,2025-11-08T04:56:57.369753Z,0.7,95,yes,443add4e-1f84-7bb2-00cf-0e2161d24de4
KXLIGAMXGAME-25NOV07MAZNCX-MAZ,2025-11-08T04:56:55.28055Z,0.67,25,no,7e9cb431-bdec-78ed-5846-f0f96a00d109
KXLIGAMXGAME-25NOV07MAZNCX-MAZ,2025-11-08T04:56:52.301837Z,0.67,25,no,dab34e47-9354-6319-8b5e-b132b38c6ac5
KXLIGAMXGAME-25NOV07MAZNCX-MAZ,2025-11-08T04:56:49.443415Z,0.67,25,no,8cd126c4-8b18-68c9-7546-80c4ec881e31
KXLIGAMXGAME-25NOV07MAZNCX-MAZ,2025-11-08T04:56:45.894504Z,0.67,25,no,eed58a87-248c-7119-5da7-83993df8c475
KXLIGAMXGAME-25NOV07MAZNCX-MAZ,2025-11-08T04:56:42.073857Z,0.67,25,no,fc89c212-ee80-442d-4f4a-77101ef75d85
KXLIGAMXGAME-25NOV07MAZNCX-MAZ,2025-11-08T04:56:39.018148Z,0.67,25,no,3ad1fb0b-3fd8-4375-3a74-b23e8f6401a9
KXLIGAMXGAME-25NOV07MAZNCX-MAZ,2025-11-08T04:56:35.856924Z,0.68,5,no,e7a7b3be-e97a-7197-ca26-34b17a450632
KXLIGAMXGAME-25NOV07MAZNCX-MAZ,2025-11-08T04:56:35.856924Z,0.67,20,no,091f00b2-7fd4-7f09-cca6-bfe500be8209
KXLIGAMXGAME-25NOV07MAZNCX-MAZ,2025-11-08T04:56:32.592589Z,0.67,25,no,1c91bb1c-7764-7b0d-acf4-c8bc888729ed
KXLIGAMXGAME-25NOV07MAZNCX-MAZ,2025-11-08T04:56:31.509321Z,0.69,1,yes,7d86615c-0e6b-646c-c5f9-6c246a077ab6
KXLIGAMXGAME-25NOV07MAZNCX-MAZ,2025-11-08T04:56:30.109574Z,0.69,141,yes,6992eb30-f933-7820-d754-8d4b9af78022
KXLIGAMXGAME-25NOV07MAZNCX-MAZ,2025-11-08T04:56:29.342813Z,0.67,25,no,910750bb-4f94-52a9-b524-59bb2ffa1601
KXLIGAMXGAME-25NOV07MAZNCX-MAZ,2025-11-08T04:56:27.609222Z,0.69,35,yes,f2f215bb-51b7-7c18-ef70-57c310998192
KXLIGAMXGAME-25NOV07MAZNCX-MAZ,2025-11-08T04:56:25.949539Z,0.67,25,no,72646efc-269c-55f5-1488-a64b0f62df29
KXLIGAMXGAME-25NOV07MAZNCX-MAZ,2025-11-08T04:56:25.429669Z,0.69,141,yes,5b0b0919-e983-6418-6393-b74be5354fde
KXLIGAMXGAME-25NOV07MAZNCX-MAZ,2025-11-08T04:56:22.930356Z,0.67,25,no,186ee8bc-c054-7f85-1c7a-a35f234a608d
KXLIGAMXGAME-25NOV07MAZNCX-MAZ,2025-11-08T04:56:22.167751Z,0.69,141,yes,667ba1ec-6af3-6a2c-ced8-c5a1d906f28e
KXLIGAMXGAME-25NOV07MAZNCX-MAZ,2025-11-08T04:56:20.098226Z,0.67,25,no,9d84192c-fec4-6f9d-d9ab-fe98f4f8578d
KXLIGAMXGAME-25NOV07MAZNCX-MAZ,2025-11-08T04:56:16.134964Z,0.65,25,no,646f1433-ba96-621b-789f-e182ad383155
KXLIGAMXGAME-25NOV07MAZNCX-MAZ,2025-11-08T04:56:15.940283Z,0.68,43,yes,5e325413-76c5-79f5-c1f3-2097607e48a0
KXLIGAMXGAME-25NOV07MAZNCX-MAZ,2025-11-08T04:56:13.493905Z,0.65,25,no,ed6174f5-9f5a-4d27-0b52-1ec260cfad25
KXLIGAMXGAME-25NOV07MAZNCX-MAZ,2025-11-08T04:56:13.263464Z,0.68,86,yes,cb717c96-1da1-7fe4-d32a-380de419dc66
KXLIGAMXGAME-25NOV07MAZNCX-MAZ,2025-11-08T04:56:13.263464Z,0.68,57,yes,2cbbf318-eaad-76ad-f634-0c3f84bbbd68
KXLIGAMXGAME-25NOV07MAZNCX-MAZ,2025-11-08T04:56:10.479933Z,0.65,25,no,d926b13f-7236-4b6b-e8f4-adc67e9a6151
KXLIGAMXGAME-25NOV07MAZNCX-MAZ,2025-11-08T04:56:08.783354Z,0.68,402,yes,7bf93f11-3655-7dfc-5340-a6e655bfd76e
KXLIGAMXGAME-25NOV07MAZNCX-MAZ,2025-11-08T04:56:06.923844Z,0.65,25,no,e2e41558-fc8e-7f4b-c4ef-3320524c33f9
KXLIGAMXGAME-25NOV07MAZNCX-MAZ,2025-11-08T04:56:04.852627Z,0.68,12,yes,f65366e7-5cf1-6c20-de1a-3ba76725ff7e
KXLIGAMXGAME-25NOV07MAZNCX-MAZ,2025-11-08T04:56:04.618804Z,0.65,25,no,a8038cd9-494a-79fb-27f0-760282093b89
KXLIGAMXGAME-25NOV07MAZNCX-MAZ,2025-11-08T04:56:00.47757Z,0.65,25,no,aeac4a09-b91e-42df-8497-b854efb29345
KXLIGAMXGAME-25NOV07MAZNCX-MAZ,2025-11-08T04:55:57.25416Z,0.65,25,no,cd68dc31-8ce6-7f8b-d69c-e6c3f6542859
KXLIGAMXGAME-25NOV07MAZNCX-MAZ,2025-11-08T04:55:53.786284Z,0.65,25,no,bfb5d79a-2246-70ff-fa9c-b6e4ae1f41f9
KXLIGAMXGAME-25NOV07MAZNCX-MAZ,2025-11-08T04:55:51.776432Z,0.65,25,no,58cb97ef-7606-5b2b-b378-effe44f143b5
KXLIGAMXGAME-25NOV07MAZNCX-MAZ,2025-11-08T04:55:44.474768Z,0.64,25,no,7deb2432-ea70-5952-8e56-5a6b933d4f1f
KXLIGAMXGAME-25NOV07MAZNCX-MAZ,2025-11-08T04:55:41.634101Z,0.64,25,no,39e8bce4-1890-6f46-0657-de8b0bcb4ad3
KXLIGAMXGAME-25NOV07MAZNCX-MAZ,2025-11-08T04:55:35.807262Z,0.64,25,no,d35142a6-b773-4f45-4af9-1ef47cf16331
KXLIGAMXGAME-25NOV07MAZNCX-MAZ,2025-11-08T04:55:31.794276Z,0.64,25,no,cebf2a0f-fff3-44bd-31e1-7918af150829
KXLIGAMXGAME-25NOV07MAZNCX-MAZ,2025-11-08T04:55:31.239226Z,0.67,5,yes,a7943376-6603-4001-9e82-c12a8051bcc6
KXLIGAMXGAME-25NOV07MAZNCX-MAZ,2025-11-08T04:55:28.034153Z,0.64,25,no,4b9bcf37-352f-62f5-ea80-39c54f2a0a1d
KXLIGAMXGAME-25NOV07MAZNCX-MAZ,2025-11-08T04:55:25.99055Z,0.64,25,no,7a9609e0-5a2f-5191-c2a5-53da3769d569
KXLIGAMXGAME-25NOV07MAZNCX-MAZ,2025-11-08T04:55:21.914564Z,0.64,25,no,e9a82cf7-bc63-57c9-d0ac-514a2755c09d
KXLIGAMXGAME-25NOV07MAZNCX-MAZ,2025-11-08T04:55:16.614258Z,0.65,11,no,4071f7e6-e68c-5524-386d-300fabc3277d
KXLIGAMXGAME-25NOV07MAZNCX-MAZ,2025-11-08T04:55:16.614258Z,0.65,14,no,04933b3c-44e2-52ad-11da-19bebee33b0c
KXLIGAMXGAME-25NOV07MAZNCX-MAZ,2025-11-08T04:55:16.059672Z,0.68,17,yes,78df6e36-05e7-5822-6a3a-9d719f80f11e
KXLIGAMXGAME-25NOV07MAZNCX-MAZ,2025-11-08T04:55:11.929964Z,0.65,14,no,e87bf999-728c-6fa8-0fef-7571747bbed9
KXLIGAMXGAME-25NOV07MAZNCX-MAZ,2025-11-08T04:55:11.929964Z,0.65,11,no,6fa93eb1-446e-6da5-3823-bbf22126ebbd
KXLIGAMXGAME-25NOV07MAZNCX-MAZ,2025-11-08T04:55:06.143978Z,0.68,71,yes,a629bcdc-9b97-6cee-a3c1-22f5f1b16cb2
KXLIGAMXGAME-25NOV07MAZNCX-MAZ,2025-11-08T04:55:04.103822Z,0.65,25,no,aa6f250b-666e-55dd-6dff-2f13ec6eb0f5
KXLIGAMXGAME-25NOV07MAZNCX-MAZ,2025-11-08T04:54:59.370001Z,0.65,25,no,b0f0c0f3-57a6-7645-f297-99c0cab7fbb9
KXLIGAMXGAME-25NOV07MAZNCX-MAZ,2025-11-08T04:54:45.882793Z,0.67,72,yes,67ab1907-0c3f-5f2a-8328-d8d59334c595
KXLIGAMXGAME-25NOV07MAZNCX-MAZ,2025-11-08T04:54:41.768424Z,0.65,25,no,32a6ac33-7d9e-61a9-7c3b-a8e407eff5f1
KXLIGAMXGAME-25NOV07MAZNCX-MAZ,2025-11-08T04:54:37.629274Z,0.65,25,no,98234eae-91d6-4d29-1e5d-b1feafc4b4f9
KXLIGAMXGAME-25NOV07MAZNCX-MAZ,2025-11-08T04:54:37.335147Z,0.65,139,no,3edda72f-605e-5705-3e21-cfbe90e2eb11
KXLIGAMXGAME-25NOV07MAZNCX-MAZ,2025-11-08T04:54:31.86978Z,0.65,25,no,a85940a6-8fb2-54ad-48cb-2a8d1eae9afd
KXLIGAMXGAME-25NOV07MAZNCX-MAZ,2025-11-08T04:54:30.138111Z,0.67,12,yes,969235bf-c1d7-5676-10b1-9e42da67a309
KXLIGAMXGAME-25NOV07MAZNCX-MAZ,2025-11-08T04:54:27.919543Z,0.65,25,no,d745cbfb-87b6-6ae1-a1c0-66eb2106abb5
KXLIGAMXGAME-25NOV07MAZNCX-MAZ,2025-11-08T04:54:24.167525Z,0.65,25,no,470ebdf1-f7e6-7ec5-97bb-cc54128d5445
KXLIGAMXGAME-25NOV07MAZNCX-MAZ,2025-11-08T04:54:20.259285Z,0.65,25,no,e73982a3-bfa6-4bc1-ec7a-192f50991ae1
KXLIGAMXGAME-25NOV07MAZNCX-MAZ,2025-11-08T04:54:16.456022Z,0.65,25,no,cbdf3bc1-fb76-6711-ded6-6e4a6fdd406d
KXLIGAMXGAME-25NOV07MAZNCX-MAZ,2025-11-08T04:54:12.685961Z,0.65,25,no,787f2512-eb7e-7be5-ebc3-fd03f0551789
KXLIGAMXGAME-25NOV07MAZNCX-MAZ,2025-11-08T04:54:07.32567Z,0.65,25,no,fd951c93-4d9e-74e1-cfca-a1f079243bcd
KXLIGAMXGAME-25NOV07MAZNCX-MAZ,2025-11-08T04:54:02.591022Z,0.67,8,yes,91d4db49-945f-7a22-2255-893097bb6125
KXLIGAMXGAME-25NOV07MAZNCX-MAZ,2025-11-08T04:54:01.552947Z,0.67,145,yes,24690f67-5d03-6aa2-ab01-d62569f1ebb9
KXLIGAMXGAME-25NOV07MAZNCX-MAZ,2025-11-08T04:53:59.302377Z,0.65,25,no,f5d38a10-d586-4c6d-7fd4-74b3b2596129
KXLIGAMXGAME-25NOV07MAZNCX-MAZ,2025-11-08T04:53:51.492979Z,0.65,25,no,b6f535ce-8c32-62e5-0ad3-2f5b337f6615
KXLIGAMXGAME-25NOV07MAZNCX-MAZ,2025-11-08T04:53:47.67921Z,0.65,25,no,7b1f54eb-006e-69c1-1872-0c1176819351
KXLIGAMXGAME-25NOV07MAZNCX-MAZ,2025-11-08T04:53:41.842383Z,0.67,17,yes,3bcafa21-81b7-7c9e-3dcc-0963c0834f41
KXLIGAMXGAME-25NOV07MAZNCX-MAZ,2025-11-08T04:53:35.724832Z,0.67,119,yes,5770243f-6183-6e7a-9e48-72344036f80d
KXLIGAMXGAME-25NOV07MAZNCX-MAZ,2025-11-08T04:53:35.310817Z,0.64,25,no,45745b78-ecd0-5cb8-c748-d0c02ec38dc3
KXLIGAMXGAME-25NOV07MAZNCX-MAZ,2025-11-08T04:53:28.084646Z,0.63,25,no,1e996559-baf8-42f7-6ab7-c935a38c88c9
KXLIGAMXGAME-25NOV07MAZNCX-MAZ,2025-11-08T04:53:19.229576Z,0.65,349,yes,8adbfa4a-8322-76e2-4e7c-881eaca1ccbd
KXLIGAMXGAME-25NOV07MAZNCX-MAZ,2025-11-08T04:53:16.48816Z,0.63,25,no,e9b66c9f-a000-4d7f-2281-a5f0922dc8f9
KXLIGAMXGAME-25NOV07MAZNCX-MAZ,2025-11-08T04:53:05.403937Z,0.64,74,yes,e8383b01-28ab-4454-67fd-719d15cabf61
KXLIGAMXGAME-25NOV07MAZNCX-MAZ,2025-11-08T04:52:57.932271Z,0.62,25,no,3d6027f0-4756-4cd7-2295-3445ab2a375c
KXLIGAMXGAME-25NOV07MAZNCX-MAZ,2025-11-08T04:52:54.403851Z,0.64,152,yes,e38ee0e4-f03b-4abc-7e8f-49269913289d
KXLIGAMXGAME-25NOV07MAZNCX-MAZ,2025-11-08T04:52:53.77103Z,0.62,25,no,de155db6-fdde-5fbb-6c51-d65e6bdca79c
KXLIGAMXGAME-25NOV07MAZNCX-MAZ,2025-11-08T04:52:50.00835Z,0.62,25,no,7d9d8c7d-2df2-76e7-47b2-8fa75b9fec5c
KXLIGAMXGAME-25NOV07MAZNCX-MAZ,2025-11-08T04:52:49.077179Z,0.64,15,yes,91fcacff-470b-510c-4670-ca5af1f91db9
KXLIGAMXGAME-25NOV07MAZNCX-MAZ,2025-11-08T04:52:46.913151Z,0.62,25,no,0bcfcb0c-7ae6-582f-ffca-32184b5bff48
KXLIGAMXGAME-25NOV07MAZNCX-MAZ,2025-11-08T04:52:46.00954Z,0.64,152,yes,3835dc04-6763-5450-8a14-69d6ba8d32f9
KXLIGAMXGAME-25NOV07MAZNCX-MAZ,2025-11-08T04:52:43.248667Z,0.62,25,no,c94333d0-7ebe-46af-c16d-489f4c49e270
KXLIGAMXGAME-25NOV07MAZNCX-MAZ,2025-11-08T04:52:39.980741Z,0.62,25,no,43d1e11d-94b2-4af7-8f72-68883cd0ebb8
KXLIGAMXGAME-25NOV07MAZNCX-MAZ,2025-11-08T04:52:38.118321Z,0.62,25,no,a59ae65e-d4e2-78a7-d274-64a6a370a274
KXLIGAMXGAME-25NOV07MAZNCX-MAZ,2025-11-08T04:52:34.347779Z,0.62,25,no,b4579eac-5f16-52e3-35d2-a91281f9b0f4
KXLIGAMXGAME-25NOV07MAZNCX-MAZ,2025-11-08T04:52:13.536669Z,0.61,25,no,ad3e5226-ca64-463b-c449-9e00b6ad2bf2
KXLIGAMXGAME-25NOV07MAZNCX-MAZ,2025-11-08T04:52:12.311837Z,0.64,58,yes,9ab656b2-a599-62fa-d0eb-7eab702c741d
KXLIGAMXGAME-25NOV07MAZNCX-MAZ,2025-11-08T04:52:10.473896Z,0.61,25,no,22b25633-73b4-6123-c589-379a1ac9582a
KXLIGAMXGAME-25NOV07MAZNCX-MAZ,2025-11-08T04:52:07.48297Z,0.61,25,no,dd551927-f464-4bcf-15a3-27bae7141d42
KXLIGAMXGAME-25NOV07MAZNCX-MAZ,2025-11-08T04:52:04.980261Z,0.61,25,no,d23c57df-67d0-67cb-4f49-af0438e72022
KXLIGAMXGAME-25NOV07MAZNCX-MAZ,2025-11-08T04:52:00.808499Z,0.61,354,yes,d4c14fcd-6f67-7e8c-e3f2-389b8cd2d9bb
KXLIGAMXGAME-25NOV07MAZNCX-MAZ,2025-11-08T04:52:00.020698Z,0.59,25,no,501269b8-9996-6c9a-d0a7-ad7453254857
KXLIGAMXGAME-25NOV07MAZNCX-MAZ,2025-11-08T04:51:57.624463Z,0.61,2,yes,a2dca56c-c287-4748-a16c-fcf119c962e3
KXLIGAMXGAME-25NOV07MAZNCX-MAZ,2025-11-08T04:51:57.49192Z,0.61,15,yes,9fe61225-2b9f-53c4-c98d-0b27bfab52f7
KXLIGAMXGAME-25NOV07MAZNCX-MAZ,2025-11-08T04:51:57.291437Z,0.59,25,no,49a14602-bc16-5d4a-2499-f58f3de2f323
KXLIGAMXGAME-25NOV07MAZNCX-MAZ,2025-11-08T04:51:55.701143Z,0.61,150,yes,936cfec5-6fda-4d9d-7ff9-99e447bbd5a0
KXLIGAMXGAME-25NOV07MAZNCX-MAZ,2025-11-08T04:51:49.352758Z,0.61,269,yes,f066357b-da19-6fac-0175-30b18470fd22
KXLIGAMXGAME-25NOV07MAZNCX-MAZ,2025-11-08T04:51:49.352758Z,0.61,42,yes,dd0de4cc-0e80-674c-3d7d-385ab6971822
KXLIGAMXGAME-25NOV07MAZNCX-MAZ,2025-11-08T04:51:49.352758Z,0.9,150,yes,bf1b231b-8aff-6977-13d3-ac2103bab35f
KXLIGAMXGAME-25NOV07MAZNCX-MAZ,2025-11-08T04:51:49.352758Z,0.61,30,yes,a2eaa8b8-e0c2-6af4-07fc-d39ecd37b859
KXLIGAMXGAME-25NOV07MAZNCX-MAZ,2025-11-08T04:51:49.352758Z,0.61,159,yes,5ac829b4-b0f8-6c62-29c3-ca55af25f641
KXLIGAMXGAME-25NOV07MAZNCX-MAZ,2025-11-08T04:51:20.861084Z,0.59,25,no,03f43bd3-6309-6b38-32ce-be8f576df8e1
KXLIGAMXGAME-25NOV07MAZNCX-MAZ,2025-11-08T04:51:19.184729Z,0.61,42,yes,730559ee-77f1-69e4-b9c3-58e287e739ee
KXLIGAMXGAME-25NOV07MAZNCX-MAZ,2025-11-08T04:51:17.810807Z,0.59,25,no,b88dc36c-31b1-644c-470a-c0175750fec9
KXLIGAMXGAME-25NOV07MAZNCX-MAZ,2025-11-08T04:51:15.062434Z,0.59,25,no,6d4742f9-d7ed-6c54-1b42-d0134b3ae345
KXLIGAMXGAME-25NOV07MAZNCX-MAZ,2025-11-08T04:51:12.12393Z,0.59,21,no,5a095f17-eb01-61d8-c093-f12c83f77731
KXLIGAMXGAME-25NOV07MAZNCX-MAZ,2025-11-08T04:51:12.067865Z,0.59,25,no,3d7788b6-fa51-7f0c-a947-7d3e96a9eead
KXLIGAMXGAME-25NOV07MAZNCX-MAZ,2025-11-08T04:51:10.466177Z,0.61,159,yes,da51e369-26b1-7970-d0d1-45433591570e
KXLIGAMXGAME-25NOV07MAZNCX-MAZ,2025-11-08T04:51:09.018757Z,0.59,25,no,35ebe2f1-d061-42d0-0c3f-6b1330ca3795
KXLIGAMXGAME-25NOV07MAZNCX-MAZ,2025-11-08T04:51:05.754236Z,0.59,25,no,af6ecf92-14a9-674c-3e71-f89553c02b71
KXLIGAMXGAME-25NOV07MAZNCX-MAZ,2025-11-08T04:51:03.380924Z,0.59,25,no,8cd0e2c3-8f7d-4c9c-a5ad-5b9c722e2f0d
KXLIGAMXGAME-25NOV07MAZNCX-MAZ,2025-11-08T04:51:01.170523Z,0.61,30,yes,5e18564c-1fb1-6460-74d4-e42ebb5217ee
KXLIGAMXGAME-25NOV07MAZNCX-MAZ,2025-11-08T04:50:59.137307Z,0.59,25,no,b93fc8c0-9e75-5e38-3bd1-5458ea3e7619
KXLIGAMXGAME-25NOV07MAZNCX-MAZ,2025-11-08T04:50:55.504894Z,0.59,25,no,036df9a7-4bd5-6810-283b-b1f80353e639
KXLIGAMXGAME-25NOV07MAZNCX-MAZ,2025-11-08T04:50:42.263062Z,0.6,16,yes,813736c9-53d8-45cf-b8c9-bfaa18ef32dd
KXLIGAMXGAME-25NOV07MAZNCX-MAZ,2025-11-08T04:50:37.621453Z,0.6,22,yes,faf2ce31-620f-5931-7182-c53bf7e9ab62
KXLIGAMXGAME-25NOV07MAZNCX-MAZ,2025-11-08T04:50:37.621453Z,0.6,187,yes,a8abf691-ad6c-5deb-7a37-7188f30d3989
KXLIGAMXGAME-25NOV07MAZNCX-MAZ,2025-11-08T04:50:34.951088Z,0.6,20,no,ef0fa5af-276d-5fbb-c3e0-74420ae07ec4
KXLIGAMXGAME-25NOV07MAZNCX-MAZ,2025-11-08T04:50:34.951088Z,0.58,5,no,ea8a160a-163b-5628-da18-b11253bbe57e
KXLIGAMXGAME-25NOV07MAZNCX-MAZ,2025-11-08T04:50:16.98719Z,0.57,148,no,bcb8a394-5bb5-63b0-a06b-60985e316fff
KXLIGAMXGAME-25NOV07MAZNCX-MAZ,2025-11-08T04:50:16.98719Z,0.57,200,no,7a1d5285-3155-6443-919c-7269bbeeef64
KXLIGAMXGAME-25NOV07MAZNCX-MAZ,2025-11-08T04:50:11.555093Z,0.58,25,no,c03184e7-ea20-770e-67d8-e5d714fa92c7
KXLIGAMXGAME-25NOV07MAZNCX-MAZ,2025-11-08T04:50:07.828283Z,0.6,85,yes,4874b80f-ef3d-608a-2b62-7030a070ffbf
KXLIGAMXGAME-25NOV07MAZNCX-MAZ,2025-11-08T04:50:02.840098Z,0.58,25,yes,0b879c3d-e1f5-7be3-8629-de352af9dd73
KXLIGAMXGAME-25NOV07MAZNCX-MAZ,2025-11-08T04:49:55.715136Z,0.58,20,yes,911c78eb-68b1-49f3-8776-de362a5755f3
KXLIGAMXGAME-25NOV07MAZNCX-MAZ,2025-11-08T04:49:53.169021Z,0.58,59,yes,d06c7d6d-78f5-46f7-f0b1-108d646d574b
KXLIGAMXGAME-25NOV07MAZNCX-MAZ,2025-11-08T04:49:53.169021Z,0.58,66,yes,cfb12dc2-835a-41b4-e2f8-76b277516ac8
KXLIGAMXGAME-25NOV07MAZNCX-MAZ,2025-11-08T04:49:45.557992Z,0.58,418,yes,8107b9bd-00d2-56d0-a63d-f75dd0dbec44
KXLIGAMXGAME-25NOV07MAZNCX-MAZ,2025-11-08T04:49:43.789028Z,0.58,16,yes,05ac0722-1d12-46e8-9362-385590dddef0
KXLIGAMXGAME-25NOV07MAZNCX-MAZ,2025-11-08T04:49:15.792819Z,0.58,1,yes,31847282-f49b-7373-eaaf-d6fe3259b539
KXLIGAMXGAME-25NOV07MAZNCX-MAZ,2025-11-08T04:49:07.872459Z,0.58,21,yes,927dbed4-8bff-7363-fe75-01d26c647959
KXLIGAMXGAME-25NOV07MAZNCX-MAZ,2025-11-08T04:48:49.565776Z,0.57,392,yes,28e70217-fd61-4bdb-86ee-eff504670349
KXLIGAMXGAME-25NOV07MAZNCX-MAZ,2025-11-08T04:48:41.119291Z,0.57,15,yes,b3cc7932-7441-5c7f-5350-be26b9fdf179
KXLIGAMXGAME-25NOV07MAZNCX-MAZ,2025-11-08T04:48:20.733341Z,0.57,42,yes,071c9935-fa39-4423-77d5-cfe670c0929d
KXLIGAMXGAME-25NOV07MAZNCX-MAZ,2025-11-08T04:48:09.993315Z,0.56,17,yes,44f3ed33-e561-570a-043d-efc59a606f50
KXLIGAMXGAME-25NOV07MAZNCX-MAZ,2025-11-08T04:47:28.092206Z,0.56,19,yes,1ddf6ebc-0325-47db-568a-256d507da5be
KXLIGAMXGAME-25NOV07MAZNCX-MAZ,2025-11-08T04:47:04.369268Z,0.55,440,yes,55e01f75-ab93-6b4b-c8a6-44105447e11e
KXLIGAMXGAME-25NOV07MAZNCX-MAZ,2025-11-08T04:46:44.37274Z,0.88,16,yes,f8aba646-73ae-5c5d-e7ba-7bbd824a29fd
KXLIGAMXGAME-25NOV07MAZNCX-MAZ,2025-11-08T04:46:44.37274Z,0.59,3,yes,8ea6de18-4db2-5683-cc35-4fe0baf13553
KXLIGAMXGAME-25NOV07MAZNCX-MAZ,2025-11-08T04:46:44.37274Z,0.89,440,yes,7f75f6c7-26c6-5af0-f290-0c8ab7821900
KXLIGAMXGAME-25NOV07MAZNCX-MAZ,2025-11-08T04:45:40.762416Z,0.52,14,no,0ff284e8-1393-4bdc-30e8-98d4a2428d57
KXLIGAMXGAME-25NOV07MAZNCX-MAZ,2025-11-08T04:45:36.12303Z,0.54,17,yes,b2339f05-77a5-7c83-8198-ac9da744a687
KXLIGAMXGAME-25NOV07MAZNCX-MAZ,2025-11-08T04:45:33.428145Z,0.54,1,yes,dac55d63-9b39-5157-8a26-6dbe092c60f7
KXLIGAMXGAME-25NOV07MAZNCX-MAZ,2025-11-08T04:45:16.026965Z,0.54,26,yes,75f3f6e9-3471-6ecb-4e60-71d50c54d85f
KXLIGAMXGAME-25NOV07MAZNCX-MAZ,2025-11-08T04:44:50.724772Z,0.53,63,yes,99bbd971-48f2-6b61-241d-9da7204fe5f9
KXLIGAMXGAME-25NOV07MAZNCX-MAZ,2025-11-08T04:44:43.639694Z,0.53,18,yes,0221c14f-e1da-60a9-1cc1-853140d43ba5
KXLIGAMXGAME-25NOV07MAZNCX-MAZ,2025-11-08T04:44:03.001364Z,0.53,97,yes,99eaedac-b70d-4f99-c1b4-972fb21dd952
KXLIGAMXGAME-25NOV07MAZNCX-MAZ,2025-11-08T04:44:03.001364Z,0.53,177,yes,65fc3a72-d476-42fd-f0cd-d0acbfdc316d
KXLIGAMXGAME-25NOV07MAZNCX-MAZ,2025-11-08T04:43:28.812793Z,0.53,4,yes,3f92620f-90ed-6115-e478-d0aca143b3ce
KXLIGAMXGAME-25NOV07MAZNCX-MAZ,2025-11-08T04:41:55.096642Z,0.52,36,yes,3c9a5f43-9413-4da9-92e4-0671cb0d0b21
KXLIGAMXGAME-25NOV07MAZNCX-MAZ,2025-11-08T04:41:54.26595Z,0.52,20,yes,632cb864-1517-458d-f047-34a2d2f1e1c9
KXLIGAMXGAME-25NOV07MAZNCX-MAZ,2025-11-08T04:41:04.750599Z,0.5,193,yes,b1e4f436-9a2c-41c1-bb6f-d2b5990c6c59
KXLIGAMXGAME-25NOV07MAZNCX-MAZ,2025-11-08T04:41:03.577303Z,0.5,3,yes,97ad6d15-46a4-571d-0d61-1195e73573d5
KXLIGAMXGAME-25NOV07MAZNCX-MAZ,2025-11-08T04:40:47.119364Z,0.49,14,yes,504dac24-7fbe-51d8-af32-696b55e93f9d
KXLIGAMXGAME-25NOV07MAZNCX-MAZ,2025-11-08T04:39:40.242151Z,0.46,22,no,d59ad3b2-9d5e-5c84-1071-346748bfaa28
KXLIGAMXGAME-25NOV07MAZNCX-MAZ,2025-11-08T04:39:40.242151Z,0.47,3,no,00e7cedd-2550-53e7-0d9d-0af4e5aaca03
KXLIGAMXGAME-25NOV07MAZNCX-MAZ,2025-11-08T04:37:35.422134Z,0.48,154,yes,90e4c320-6a55-5d91-8f89-a25b0a7925f9
KXLIGAMXGAME-25NOV07MAZNCX-MAZ,2025-11-08T04:37:25.148869Z,0.53,1,yes,0942276b-4a29-7435-3435-8bd4647dce6a
KXLIGAMXGAME-25NOV07MAZNCX-MAZ,2025-11-08T04:37:11.554288Z,0.53,30,yes,7cb021e6-9495-4f15-e0d5-264f88143fa2
KXLIGAMXGAME-25NOV07MAZNCX-MAZ,2025-11-08T04:37:11.554288Z,0.52,15,yes,0a0402ae-0ae9-46e9-f999-acdda7ceef54
KXLIGAMXGAME-25NOV07MAZNCX-MAZ,2025-11-08T04:35:20.185561Z,0.53,36,yes,b2dc946f-1b05-4a0d-5f00-9337801e35be
KXLIGAMXGAME-25NOV07MAZNCX-MAZ,2025-11-08T04:35:18.932595Z,0.53,1,yes,6fe05de8-27ed-4c1d-cb28-df69bdcc881e
KXLIGAMXGAME-25NOV07MAZNCX-MAZ,2025-11-08T04:35:16.349899Z,0.53,2,yes,7b7ebcaf-156d-7319-752b-2c630a75e21a
KXLIGAMXGAME-25NOV07MAZNCX-MAZ,2025-11-08T04:34:42.511036Z,0.56,14,no,05f1e35c-fa5f-5a51-756d-03040a8221b6
KXLIGAMXGAME-25NOV07MAZNCX-MAZ,2025-11-08T04:34:05.477891Z,0.59,8,yes,7c973952-1cee-512b-2f08-2042a771a987
KXLIGAMXGAME-25NOV07MAZNCX-MAZ,2025-11-08T04:33:51.26957Z,0.56,8,no,7539fc46-fe43-48f9-1269-152182914172
KXLIGAMXGAME-25NOV07MAZNCX-MAZ,2025-11-08T04:32:44.779091Z,0.59,76,yes,985a6065-9532-7c8b-e164-0d7bd6d22ac3
KXLIGAMXGAME-25NOV07MAZNCX-MAZ,2025-11-08T04:32:13.530771Z,0.59,13,yes,aa63a4c0-ce02-5f6b-6f2d-5c118e2e0967
KXLIGAMXGAME-25NOV07MAZNCX-MAZ,2025-11-08T04:31:22.671362Z,0.59,8,yes,26726b3f-6a04-6ca0-b28e-9f568ce23ec8
KXLIGAMXGAME-25NOV07MAZNCX-MAZ,2025-11-08T04:31:08.375895Z,0.59,30,yes,39022d4b-87d8-7fb8-1768-e18a07e20854
KXLIGAMXGAME-25NOV07MAZNCX-MAZ,2025-11-08T04:29:20.069211Z,0.58,50,yes,6bca41f3-ec26-4998-5563-473d0e92bbd1
KXLIGAMXGAME-25NOV07MAZNCX-MAZ,2025-11-08T04:29:11.579396Z,0.58,10,yes,00b9aa5b-41d6-7bac-81f5-0c205f54e041
KXLIGAMXGAME-25NOV07MAZNCX-MAZ,2025-11-08T04:29:04.590303Z,0.58,6,yes,3a98c55f-248e-44dc-6ca4-5136d6f98ab9
KXLIGAMXGAME-25NOV07MAZNCX-MAZ,2025-11-08T04:27:00.692894Z,0.57,1,yes,878b248a-7356-4437-0b40-a54d2b5a565e
KXLIGAMXGAME-25NOV07MAZNCX-MAZ,2025-11-08T04:27:00.692894Z,0.57,82,yes,09a3e49c-d59c-4906-36f7-cacb473d4e15
KXLIGAMXGAME-25NOV07MAZNCX-MAZ,2025-11-08T04:25:52.113744Z,0.57,8,yes,026a2ad2-4266-789e-d675-0dac25a954a2
KXLIGAMXGAME-25NOV07MAZNCX-MAZ,2025-11-08T04:25:27.135448Z,0.57,17,yes,2b699473-70e2-7b7a-5ea7-e71e759cccd2
KXLIGAMXGAME-25NOV07MAZNCX-MAZ,2025-11-08T04:25:11.669885Z,0.57,8,yes,2fe23ede-bf36-58ba-a99e-ba964b518362
KXLIGAMXGAME-25NOV07MAZNCX-MAZ,2025-11-08T04:25:11.520072Z,0.57,10,yes,69b88ece-21f6-629a-01ce-7b4464f3d052
KXLIGAMXGAME-25NOV07MAZNCX-MAZ,2025-11-08T04:25:11.060809Z,0.57,170,yes,17c1d988-4392-5122-f0ee-a534cdd9c1e6
KXLIGAMXGAME-25NOV07MAZNCX-MAZ,2025-11-08T04:25:00.631863Z,0.56,50,yes,358694ec-7ecf-6b24-4687-4659c9160830
KXLIGAMXGAME-25NOV07MAZNCX-MAZ,2025-11-08T04:24:58.432049Z,0.54,51,no,c209d1ef-3387-72e8-149d-a67052bc2b37
KXLIGAMXGAME-25NOV07MAZNCX-MAZ,2025-11-08T04:24:54.199319Z,0.56,71,yes,89cddf7a-6af8-5f29-d75d-1ac4abed4aef
KXLIGAMXGAME-25NOV07MAZNCX-MAZ,2025-11-08T04:24:54.199319Z,0.56,102,yes,1cd14484-1224-5669-d873-66ca778fd6eb
KXLIGAMXGAME-25NOV07MAZNCX-MAZ,2025-11-08T04:24:32.16359Z,0.56,429,yes,5912a599-d6a8-659d-8afc-db9bceaab2cf
KXLIGAMXGAME-25NOV07MAZNCX-MAZ,2025-11-08T04:23:38.870597Z,0.54,17,yes,0e8b4a87-73f8-5dfc-314a-704d28f540c6
KXLIGAMXGAME-25NOV07MAZNCX-MAZ,2025-11-08T04:23:15.43094Z,0.54,7,yes,b3c170bd-53d0-6bc4-cb62-5c9de1b49f3e
KXLIGAMXGAME-25NOV07MAZNCX-MAZ,2025-11-08T04:16:14.711644Z,0.53,380,yes,5554d698-57c6-6299-f192-96173595a414
KXLIGAMXGAME-25NOV07MAZNCX-MAZ,2025-11-08T04:16:14.711644Z,0.91,3,yes,526dddd0-b9f7-6495-c490-4f14e205e8e7
KXLIGAMXGAME-25NOV07MAZNCX-MAZ,2025-11-08T04:16:14.711644Z,0.53,36,yes,371b3b84-cc5d-6f1b-d90d-3d85196a82af
KXLIGAMXGAME-25NOV07MAZNCX-MAZ,2025-11-08T04:16:14.711644Z,0.65,9,yes,2382f346-81bd-69fd-ffe7-52dfe17949f2
KXLIGAMXGAME-25NOV07MAZNCX-MAZ,2025-11-08T04:16:14.711644Z,0.66,19,yes,07490fe5-1642-67f7-e7da-d2677942768d
KXLIGAMXGAME-25NOV07MAZNCX-MAZ,2025-11-08T04:16:10.798315Z,0.53,84,yes,1a004b63-9ae2-6fb1-3992-ac696869a858
KXLIGAMXGAME-25NOV07MAZNCX-MAZ,2025-11-08T04:15:15.554749Z,0.53,18,yes,6eb4641a-2672-6f01-8491-7b8d98cf9a2c
KXLIGAMXGAME-25NOV07MAZNCX-MAZ,2025-11-08T04:15:14.64493Z,0.53,18,yes,104dffb6-46b6-4141-1235-ed436c4adc98
KXLIGAMXGAME-25NOV07MAZNCX-MAZ,2025-11-08T04:12:47.713262Z,0.54,1,yes,3ec74f23-57a9-6702-1033-dc9537fe500a
KXLIGAMXGAME-25NOV07MAZNCX-MAZ,2025-11-08T04:12:02.434655Z,0.52,1,no,79d4eaaa-8dd9-48cd-c45a-a3670d8c4524
KXLIGAMXGAME-25NOV07MAZNCX-MAZ,2025-11-08T04:11:49.591233Z,0.54,1,yes,e1452e55-9e94-7065-a565-23e5da3e816a
KXLIGAMXGAME-25NOV07MAZNCX-MAZ,2025-11-08T04:10:43.571693Z,0.54,8,yes,03f0ae63-4e70-48a9-9fd1-33625882b46e
KXLIGAMXGAME-25NOV07MAZNCX-MAZ,2025-11-08T04:10:13.432563Z,0.54,181,yes,6f2ca0e7-3f14-5c31-ac46-df42d706c562
KXLIGAMXGAME-25NOV07MAZNCX-MAZ,2025-11-08T04:08:42.741738Z,0.57,10,yes,f869711e-fcfc-453a-7ba9-d1d767b6c76b
KXLIGAMXGAME-25NOV07MAZNCX-MAZ,2025-11-08T04:08:42.741738Z,0.65,8,yes,df61deaa-3ca1-401d-6474-ba676017e70a
KXLIGAMXGAME-25NOV07MAZNCX-MAZ,2025-11-08T04:08:42.741738Z,0.54,500,yes,19842508-a330-4b8c-58e4-7f2ad1bbc811
KXLIGAMXGAME-25NOV07MAZNCX-MAZ,2025-11-08T04:08:20.018662Z,0.53,90,no,a860a5e6-2d02-687f-be76-0fca7b37338a
KXLIGAMXGAME-25NOV07MAZNCX-MAZ,2025-11-08T04:08:20.018662Z,0.54,86,no,91ca4e8a-17b4-6549-8864-f9ae487b10a8
KXLIGAMXGAME-25NOV07MAZNCX-MAZ,2025-11-08T04:08:20.018662Z,0.53,30,no,807b8dd7-43fb-6bd3-8c9b-e0be9769f23d
KXLIGAMXGAME-25NOV07MAZNCX-MAZ,2025-11-08T04:08:01.759109Z,0.53,205,no,22f8930d-e5a2-613f-17e5-978df47b4252
KXLIGAMXGAME-25NOV07MAZNCX-MAZ,2025-11-08T04:07:38.428508Z,0.53,205,no,a05cea96-6dea-5b1f-daf0-93d2a3feeeea
KXLIGAMXGAME-25NOV07MAZNCX-MAZ,2025-11-08T04:07:03.137112Z,0.56,17,yes,2cdb78cd-c5c5-57b3-2bfb-099f1b6f8f4a
KXLIGAMXGAME-25NOV07MAZNCX-MAZ,2025-11-08T04:06:02.554915Z,0.56,84,yes,9ddfee16-feb1-533f-b060-0168812c4c16
KXLIGAMXGAME-25NOV07MAZNCX-MAZ,2025-11-08T04:05:59.258778Z,0.56,17,yes,0431a0ed-78f1-7b6f-7041-b415b95e9f02
KXLIGAMXGAME-25NOV07MAZNCX-MAZ,2025-11-08T04:05:31.420185Z,0.56,3,yes,dd7ef2f3-47b9-4cd7-36bf-5ef8cb4b22ea
KXLIGAMXGAME-25NOV07MAZNCX-MAZ,2025-11-08T04:05:05.133681Z,0.56,100,yes,eb8fe99a-b08d-4fa3-8074-b54291970492
KXLIGAMXGAME-25NOV07MAZNCX-MAZ,2025-11-08T04:04:50.452281Z,0.56,1,yes,1b74609e-d1d5-6433-c0c8-bd6fa7d8788a
KXLIGAMXGAME-25NOV07MAZNCX-MAZ,2025-11-08T04:00:23.714722Z,0.27,16,yes,5526a7c8-82a0-6c20-8e9c-d3075896f6d4
KXLIGAMXGAME-25NOV07MAZNCX-MAZ,2025-11-08T03:59:48.94126Z,0.27,17,yes,f6f1c5da-ad24-7398-8c7f-dfd913a6c810
KXLIGAMXGAME-25NOV07MAZNCX-MAZ,2025-11-08T03:57:56.459036Z,0.24,51,yes,3986f55c-a4b9-5ac6-6e81-8be714303a6f
KXLIGAMXGAME-25NOV07MAZNCX-MAZ,2025-11-08T03:52:08.184313Z,0.25,60,yes,7bd720bc-d4cd-7cbe-b104-1835dab097bb
KXLIGAMXGAME-25NOV07MAZNCX-MAZ,2025-11-08T03:43:07.575518Z,0.27,1,yes,72aa1bae-dea4-5538-6696-dd76118a6ecc
KXLIGAMXGAME-25NOV07MAZNCX-MAZ,2025-11-08T03:34:50.889571Z,0.3,317,yes,077180ba-9c17-60f8-01c7-36e3243a20ed
KXLIGAMXGAME-25NOV07MAZNCX-MAZ,2025-11-08T03:33:50.722313Z,0.3,3,yes,f6c42f98-b6cf-4320-64ac-93096159738d
KXLIGAMXGAME-25NOV07MAZNCX-MAZ,2025-11-08T03:32:52.456297Z,0.31,6,yes,ce3f85b2-c772-7f85-f6fb-c6a060512bef
KXLIGAMXGAME-25NOV07MAZNCX-MAZ,2025-11-08T02:45:45.302391Z,0.28,51,yes,a7be3989-b39d-7370-4c08-ed1cb9d490bf
KXLIGAMXGAME-25NOV07MAZNCX-MAZ,2025-11-08T02:41:15.634438Z,0.27,19,yes,e9e52ad2-c6f0-7ff3-4063-4be45f1d1fbb
KXLIGAMXGAME-25NOV07MAZNCX-MAZ,2025-11-08T01:36:34.488853Z,0.31,30,yes,d0d8f854-d691-6eab-e969-e4601d9253e6
KXLIGAMXGAME-25NOV07MAZNCX-MAZ,2025-11-08T01:34:44.147944Z,0.31,61,yes,9088c066-78e5-45bf-065f-62b9998de9da
KXLIGAMXGAME-25NOV07MAZNCX-MAZ,2025-11-08T01:20:46.777488Z,0.31,15,yes,45c0b6d5-9dc7-7e76-ef47-874434e85405
KXLIGAMXGAME-25NOV07MAZNCX-MAZ,2025-11-08T00:08:23.242067Z,0.31,2,yes,c1ce9e75-8b53-6971-83b2-2fbf63d852f4
KXLIGAMXGAME-25NOV07MAZNCX-MAZ,2025-11-08T00:08:23.242067Z,0.32,147,yes,324cd308-785c-6f42-9e6f-b8726e73c137
