ticker,created_time,price,count,taker_side,trade_id
KXLIGAMXGAME-25NOV08CRAPUM-CRA,2025-11-09T05:20:38.717149Z,0.03,1,yes,35a17efb-1929-5533-6626-80f74284a845
KXLIGAMXGAME-25NOV08CRAPUM-CRA,2025-11-09T05:17:37.310564Z,0.01,33,no,d567235f-a837-6705-63de-cc46facf9857
KXLIGAMXGAME-25NOV08CRAPUM-CRA,2025-11-09T05:17:37.223588Z,0.01,287,no,cd70516e-d5d9-5f82-c20f-ac942089d172
KXLIGAMXGAME-25NOV08CRAPUM-CRA,2025-11-09T05:17:37.223588Z,0.01,467,no,0d63dd25-3406-5c8a-f5a3-b98434870b93
KXLIGAMXGAME-25NOV08CRAPUM-CRA,2025-11-09T05:16:47.817671Z,0.01,2,no,5fe19e82-74be-6e2a-de0a-0a5be0b7fd17
KXLIGAMXGAME-25NOV08CRAPUM-CRA,2025-11-09T05:16:43.917092Z,0.01,23,no,7334fe2e-f9ba-797e-6791-611090733ca3
KXLIGAMXGAME-25NOV08CRAPUM-CRA,2025-11-09T05:16:25.433784Z,0.01,7,no,828e5c26-133d-59db-88e8-7d9c8c692ed0
KXLIGAMXGAME-25NOV08CRAPUM-CRA,2025-11-09T05:16:25.433784Z,0.01,8,no,312a1193-e8d6-56f2-a42b-784885b21f53
KXLIGAMXGAME-25NOV08CRAPUM-CRA,2025-11-09T05:16:15.903527Z,0.01,100,no,eaa6bd85-8985-5b3b-e412-362009daa4e8
KXLIGAMXGAME-25NOV08CRAPUM-CRA,2025-11-09T05:15:51.549292Z,0.01,4,no,4681d597-e265-6e73-7495-1c160c8da30c
KXLIGAMXGAME-25NOV08CRAPUM-CRA,2025-11-09T05:15:37.605181Z,0.01,4,no,d2fac4c1-82c9-6373-efb3-bbe7ce0a3e64
KXLIGAMXGAME-25NOV08CRAPUM-CRA,2025-11-09T05:15:24.871953Z,0.01,3,no,d19c943f-944d-4f6b-5032-0b3e12a39b58
KXLIGAMXGAME-25NOV08CRAPUM-CRA,2025-11-09T05:15:16.273678Z,0.01,35,no,cd6e4bb0-b9dd-5a7f-17ed-8f383db732cc
KXLIGAMXGAME-25NOV08CRAPUM-CRA,2025-11-09T05:15:13.060787Z,0.02,29,yes,1e558c94-eb4d-4c16-3eae-605e7ba8e6d0
KXLIGAMXGAME-25NOV08CRAPUM-CRA,2025-11-09T05:15:09.263634Z,0.01,173,no,2fa3e9cf-1375-5ce7-ebd7-baf34613af20
KXLIGAMXGAME-25NOV08CRAPUM-CRA,2025-11-09T05:15:07.62171Z,0.01,86,no,6f818f35-d561-587f-5f50-b3a098b5b50c
KXLIGAMXGAME-25NOV08CRAPUM-CRA,2025-11-09T05:14:01.345081Z,0.01,26,no,6d5d18d6-4e51-6e37-2206-bcac9a391200
KXLIGAMXGAME-25NOV08CRAPUM-CRA,2025-11-09T05:13:44.535151Z,0.01,62,no,98f75064-a609-7daf-e009-421423898728
KXLIGAMXGAME-25NOV08CRAPUM-CRA,2025-11-09T05:13:44.535151Z,0.02,180,no,07b942fd-eb0a-763c-e82b-10c63dd42028
KXLIGAMXGAME-25NOV08CRAPUM-CRA,2025-11-09T05:13:33.959021Z,0.02,20,no,36d85758-c942-6ed4-1944-49fd797265a0
KXLIGAMXGAME-25NOV08CRAPUM-CRA,2025-11-09T05:13:21.168943Z,0.04,116,no,e2c8315d-9e6d-77a4-317d-9f180bcb7892
KXLIGAMXGAME-25NOV08CRAPUM-CRA,2025-11-09T05:13:21.168943Z,0.04,38,no,5054aa90-9d14-783d-29d6-6824eeb4cb65
KXLIGAMXGAME-25NOV08CRAPUM-CRA,2025-11-09T05:13:20.057728Z,0.04,184,no,19930166-b1b9-7090-8d04-aa8f31e0fcb2
KXLIGAMXGAME-25NOV08CRAPUM-CRA,2025-11-09T05:13:13.225436Z,0.05,20,no,c0da3596-a0a7-4c01-751e-9dd0d9f8d534
KXLIGAMXGAME-25NOV08CRAPUM-CRA,2025-11-09T05:13:13.225436Z,0.05,17,no,0dd1cdd6-65d2-4efd-60e9-caf0f6712917
KXLIGAMXGAME-25NOV08CRAPUM-CRA,2025-11-09T05:12:35.363137Z,0.05,57,no,b43a8b95-6b5d-6e11-8946-0341f837fac0
KXLIGAMXGAME-25NOV08CRAPUM-CRA,2025-11-09T05:12:28.746103Z,0.05,49,no,e7d3c186-fcb1-6b5d-1050-d1d1a9773190
KXLIGAMXGAME-25NOV08CRAPUM-CRA,2025-11-09T05:12:24.604064Z,0.05,58,no,d42ee63d-5d09-7c89-5d23-ec5d7f93bb48
KXLIGAMXGAME-25NOV08CRAPUM-CRA,2025-11-09T05:11:28.165931Z,0.39,24,yes,45b85250-51df-497e-fa46-e5a71203a059
KXLIGAMXGAME-25NOV08CRAPUM-CRA,2025-11-09T05:10:27.814257Z,0.06,253,no,33e36d5c-7520-7286-53a0-10e632227df7
KXLIGAMXGAME-25NOV08CRAPUM-CRA,2025-11-09T05:10:02.573905Z,0.06,8,no,bc25cf5b-f059-65b7-60be-c6ba3ed18559
KXLIGAMXGAME-25NOV08CRAPUM-CRA,2025-11-09T05:09:26.791342Z,0.2,77,yes,675d6b7a-917a-77c2-27d7-580abc5b8e31
KXLIGAMXGAME-25NOV08CRAPUM-CRA,2025-11-09T05:09:26.791342Z,0.22,200,yes,1d338b4d-510e-74a6-0375-c42c729be848
KXLIGAMXGAME-25NOV08CRAPUM-CRA,2025-11-09T05:09:06.260204Z,0.1,10,no,cf41a22c-83e5-5d9d-ca57-388cd4d97eec
KXLIGAMXGAME-25NOV08CRAPUM-CRA,2025-11-09T05:08:33.259127Z,0.64,45,yes,c75e761f-d196-5a91-0c86-0addfb613af2
KXLIGAMXGAME-25NOV08CRAPUM-CRA,2025-11-09T05:08:30.40014Z,0.1,12,no,bae25295-fbc9-5765-ccb8-5196232a1f70
KXLIGAMXGAME-25NOV08CRAPUM-CRA,2025-11-09T05:08:12.576939Z,0.64,53,yes,e584cc1c-0b62-4665-729d-c5c238f049ee
KXLIGAMXGAME-25NOV08CRAPUM-CRA,2025-11-09T05:07:35.631613Z,0.65,3,yes,9aafcee7-ac5a-41b9-cc10-6aa4237342a2
KXLIGAMXGAME-25NOV08CRAPUM-CRA,2025-11-09T05:07:32.554829Z,0.65,37,yes,b28f6b2f-a482-7dc1-25df-2eb72940dc0a
KXLIGAMXGAME-25NOV08CRAPUM-CRA,2025-11-09T05:07:13.309778Z,0.65,7,yes,7f5e43c1-ab7a-5a65-42f2-b1049984f68a
KXLIGAMXGAME-25NOV08CRAPUM-CRA,2025-11-09T05:05:33.243033Z,0.72,19,yes,f879a563-5050-673f-dbc6-9df43a641911
KXLIGAMXGAME-25NOV08CRAPUM-CRA,2025-11-09T05:05:33.243033Z,0.71,98,yes,b1268d29-3f95-6be5-ded4-fe6cf4bf1c53
KXLIGAMXGAME-25NOV08CRAPUM-CRA,2025-11-09T05:05:33.243033Z,0.72,88,yes,1efb72e8-e14e-6e23-ced7-60aec77f5582
KXLIGAMXGAME-25NOV08CRAPUM-CRA,2025-11-09T05:05:29.8409Z,0.71,8,yes,35ddd382-eca9-47e1-c4a2-16710a0a69c7
KXLIGAMXGAME-25NOV08CRAPUM-CRA,2025-11-09T05:05:11.850221Z,0.7,7,yes,7e6f9fb5-a1f0-41bf-8531-dba811f669d2
KXLIGAMXGAME-25NOV08CRAPUM-CRA,2025-11-09T05:05:11.850221Z,0.7,14,yes,15e52be1-74d4-45bf-8112-9a4a860d4a65
KXLIGAMXGAME-25NOV08CRAPUM-CRA,2025-11-09T05:04:06.663086Z,0.6,1,no,e4759293-c9c7-7a93-0088-4435a72a0be1
KXLIGAMXGAME-25NOV08CRAPUM-CRA,2025-11-09T05:03:51.15236Z,0.6,34,no,38e525f1-36e7-5707-e03a-80c0414736bd
KXLIGAMXGAME-25NOV08CRAPUM-CRA,2025-11-09T05:03:18.946039Z,0.6,25,no,44859a5c-2743-4a4b-b886-44e0d240d385
KXLIGAMXGAME-25NOV08CRAPUM-CRA,2025-11-09T05:02:08.111085Z,0.7,34,yes,3951c66c-d9db-6146-a3f5-628405eb7bf3
KXLIGAMXGAME-25NOV08CRAPUM-CRA,2025-11-09T05:01:25.907714Z,0.7,27,yes,e8026079-24c3-5c32-7ad7-01bb0ef35823
KXLIGAMXGAME-25NOV08CRAPUM-CRA,2025-11-09T05:00:47.979582Z,0.71,14,yes,b15cab42-4629-6530-55fb-b4b1d0aa9a45
KXLIGAMXGAME-25NOV08CRAPUM-CRA,2025-11-09T05:00:47.970396Z,0.71,66,yes,21cfa362-d66d-481c-d91b-8359ded342ad
KXLIGAMXGAME-25NOV08CRAPUM-CRA,2025-11-09T05:00:37.740499Z,0.71,21,yes,6075adaa-4746-6f7f-7408-dddd5c34673a
KXLIGAMXGAME-25NOV08CRAPUM-CRA,2025-11-09T04:58:42.368689Z,0.56,42,no,940717b0-6963-492b-ef05-3f27237ec847
KXLIGAMXGAME-25NOV08CRAPUM-CRA,2025-11-09T04:58:27.547725Z,0.81,1,yes,a93fbb3a-8084-52f7-72d1-51026b28e311
KXLIGAMXGAME-25NOV08CRAPUM-CRA,2025-11-09T04:57:16.510267Z,0.81,36,yes,f767b391-63e0-6fec-e319-53d31fc6417a
KXLIGAMXGAME-25NOV08CRAPUM-CRA,2025-11-09T04:55:48.494747Z,0.83,61,yes,e305f71d-5526-5d62-08bb-ac8598416b0c
KXLIGAMXGAME-25NOV08CRAPUM-CRA,2025-11-09T04:55:48.494747Z,0.88,18,yes,6be0020a-d395-5039-3318-414b56d93bc2
KXLIGAMXGAME-25NOV08CRAPUM-CRA,2025-11-09T04:55:48.494747Z,0.83,38,yes,68f28761-44b9-5451-09f9-75e2986cec5d
KXLIGAMXGAME-25NOV08CRAPUM-CRA,2025-11-09T04:55:20.245109Z,0.83,3,yes,b8c89ed1-7306-5016-ba89-075264ef48f0
KXLIGAMXGAME-25NOV08CRAPUM-CRA,2025-11-09T04:54:41.155727Z,0.6,7,no,54cb79bd-55f2-6a8d-7a11-31a9327efdc2
KXLIGAMXGAME-25NOV08CRAPUM-CRA,2025-11-09T04:52:19.419064Z,0.85,25,yes,fb7444c5-7b77-5ca2-08cd-d0c0b6d9b23a
KXLIGAMXGAME-25NOV08CRAPUM-CRA,2025-11-09T04:51:41.820681Z,0.74,2,no,05ed9f08-054e-7a84-a260-ff1c7a388ba1
KXLIGAMXGAME-25NOV08CRAPUM-CRA,2025-11-09T04:48:02.659564Z,0.7,147,no,88a118c3-c4b2-68c0-e7d1-ea36f32ecf04
KXLIGAMXGAME-25NOV08CRAPUM-CRA,2025-11-09T04:48:02.659564Z,0.69,30,no,7f0c92e0-7413-6bee-ffc1-a7906c77e80f
KXLIGAMXGAME-25NOV08CRAPUM-CRA,2025-11-09T04:48:02.659564Z,0.67,125,no,332f0c25-3f8d-63b6-f5dd-6f869fdb0894
KXLIGAMXGAME-25NOV08CRAPUM-CRA,2025-11-09T04:46:45.886315Z,0.8,1,yes,bdd35296-30fe-6713-6acb-6cdc51a09775
KXLIGAMXGAME-25NOV08CRAPUM-CRA,2025-11-09T04:45:45.105828Z,0.69,31,no,ffaea750-869d-48d1-d9e9-2c418668fc20
KXLIGAMXGAME-25NOV08CRAPUM-CRA,2025-11-09T04:45:45.105828Z,0.63,30,no,cfc5836c-7549-4e85-e1a4-192d516e45e0
KXLIGAMXGAME-25NOV08CRAPUM-CRA,2025-11-09T04:45:45.105828Z,0.62,5,no,c8aa16db-0150-4aa0-c420-893aa85b8b0b
KXLIGAMXGAME-25NOV08CRAPUM-CRA,2025-11-09T04:45:45.105828Z,0.69,30,no,c1a77029-2909-4d32-f614-dbac1d4d99f3
KXLIGAMXGAME-25NOV08CRAPUM-CRA,2025-11-09T04:45:45.105828Z,0.62,30,no,9a94e18d-247c-4739-d382-35addd225aa4
KXLIGAMXGAME-25NOV08CRAPUM-CRA,2025-11-09T04:45:45.105828Z,0.68,30,no,8646eb37-fa3f-4b85-fe9a-9f580e0cba70
KXLIGAMXGAME-25NOV08CRAPUM-CRA,2025-11-09T04:45:45.105828Z,0.7,31,no,755dcbee-b267-469c-da2f-ef2ce0647380
KXLIGAMXGAME-25NOV08CRAPUM-CRA,2025-11-09T04:45:45.105828Z,0.61,10,no,4b3a3e29-b7c2-477f-cdf8-fb8ac741383c
KXLIGAMXGAME-25NOV08CRAPUM-CRA,2025-11-09T04:45:45.105828Z,0.61,50,no,4950158f-cd3d-4b09-fa42-725be75e6dfb
KXLIGAMXGAME-25NOV08CRAPUM-CRA,2025-11-09T04:45:45.105828Z,0.67,30,no,3b9ffdbf-3a2e-47f6-f801-f9a525be7c93
KXLIGAMXGAME-25NOV08CRAPUM-CRA,2025-11-09T04:43:04.053735Z,0.72,2,no,efe3be75-3258-4763-c1aa-4c2bd92cfd6d
KXLIGAMXGAME-25NOV08CRAPUM-CRA,2025-11-09T04:43:04.053735Z,0.73,10,no,10df29ec-478d-4ec2-ebf8-a7c8eb823fce
KXLIGAMXGAME-25NOV08CRAPUM-CRA,2025-11-09T04:40:52.102245Z,0.62,1,no,3b9946ae-9658-5458-a3bf-dcc91fd19393
KXLIGAMXGAME-25NOV08CRAPUM-CRA,2025-11-09T04:39:03.032062Z,0.83,2,yes,d087bd5f-e0c6-45d1-323e-55d663cf4d2a
KXLIGAMXGAME-25NOV08CRAPUM-CRA,2025-11-09T04:38:45.58906Z,0.78,6,yes,eb754d8e-b8c7-4a5d-4144-a8821aa432d9
KXLIGAMXGAME-25NOV08CRAPUM-CRA,2025-11-09T04:38:32.224879Z,0.83,29,yes,27875322-6a19-613e-0645-d765065257b4
KXLIGAMXGAME-25NOV08CRAPUM-CRA,2025-11-09T04:38:32.224879Z,0.82,34,yes,0a2c687d-3b8b-6386-26e8-1c57b2c79af0
KXLIGAMXGAME-25NOV08CRAPUM-CRA,2025-11-09T04:37:40.507102Z,0.61,2,no,54d75781-a408-7900-1eba-0213773676eb
KXLIGAMXGAME-25NOV08CRAPUM-CRA,2025-11-09T04:37:26.615103Z,0.61,2,no,5205dcb7-7d00-5f28-1438-71dd7398b173
KXLIGAMXGAME-25NOV08CRAPUM-CRA,2025-11-09T04:36:38.574639Z,0.77,38,yes,59df6331-1970-5529-530c-e100cc7d65b3
KXLIGAMXGAME-25NOV08CRAPUM-CRA,2025-11-09T04:36:38.574639Z,0.76,39,yes,43789da9-70e5-552b-515a-a6cb8fdd6edb
KXLIGAMXGAME-25NOV08CRAPUM-CRA,2025-11-09T04:36:38.574639Z,0.77,40,yes,33f1b185-f73e-5c6c-6a62-413c752ab5f9
KXLIGAMXGAME-25NOV08CRAPUM-CRA,2025-11-09T04:36:38.574639Z,0.78,13,yes,004d1be2-731a-5ef2-4ded-f178c99113d9
KXLIGAMXGAME-25NOV08CRAPUM-CRA,2025-11-09T04:36:25.329426Z,0.77,12,yes,1e2e4148-1a76-531c-9b3d-66043a9d2511
KXLIGAMXGAME-25NOV08CRAPUM-CRA,2025-11-09T04:34:35.9722Z,0.77,2,yes,216a0012-5860-64e5-2497-5a5d3b62f6d3
KXLIGAMXGAME-25NOV08CRAPUM-CRA,2025-11-09T04:32:03.865565Z,0.79,12,yes,a96faaf3-b8ee-41d5-9739-7ef719868318
KXLIGAMXGAME-25NOV08CRAPUM-CRA,2025-11-09T04:29:53.253949Z,0.77,12,yes,0407f6c0-d3a2-712c-fd02-aec0d887432c
KXLIGAMXGAME-25NOV08CRAPUM-CRA,2025-11-09T04:26:36.096133Z,0.77,100,no,0bc6ffbe-07d5-5f10-e761-d3e5a8b0a898
KXLIGAMXGAME-25NOV08CRAPUM-CRA,2025-11-09T04:26:34.998966Z,0.77,25,yes,5fe519bf-fbdf-60f0-86f9-f9153c19ba90
KXLIGAMXGAME-25NOV08CRAPUM-CRA,2025-11-09T04:24:21.85979Z,0.77,6,yes,85aa4d7b-3534-483d-b80f-aacb2ebc6b4c
KXLIGAMXGAME-25NOV08CRAPUM-CRA,2025-11-09T04:22:29.872424Z,0.77,6,yes,a043cc98-30ef-526b-fd5d-04d894842d91
KXLIGAMXGAME-25NOV08CRAPUM-CRA,2025-11-09T04:22:01.431598Z,0.77,224,yes,086e841a-76bd-5d81-7b6f-9a33b3588734
KXLIGAMXGAME-25NOV08CRAPUM-CRA,2025-11-09T04:21:43.049544Z,0.77,109,yes,440c665d-2e41-6d0c-40e4-74016da84e62
KXLIGAMXGAME-25NOV08CRAPUM-CRA,2025-11-09T04:21:27.40097Z,0.78,10,yes,dc577255-7569-6ec2-b152-4ef372e25397
KXLIGAMXGAME-25NOV08CRAPUM-CRA,2025-11-09T04:21:17.60135Z,0.77,30,yes,4258f75e-060b-4760-21fb-fb9d545b3f99
KXLIGAMXGAME-25NOV08CRAPUM-CRA,2025-11-09T04:21:10.530725Z,0.73,212,no,dd0da6ac-e71a-6e83-77fa-fa156d049b1e
KXLIGAMXGAME-25NOV08CRAPUM-CRA,2025-11-09T04:18:50.89036Z,0.77,54,yes,3fbf0332-005e-5358-f377-994e43c8c3a3
KXLIGAMXGAME-25NOV08CRAPUM-CRA,2025-11-09T04:18:38.095954Z,0.73,1,no,9435f7e9-c050-75d4-8d0a-1241ec1ba6fe
KXLIGAMXGAME-25NOV08CRAPUM-CRA,2025-11-09T04:18:33.908852Z,0.72,70,no,d0d4558d-acdc-53a1-085d-4b3ed075aa30
KXLIGAMXGAME-25NOV08CRAPUM-CRA,2025-11-09T04:18:33.908852Z,0.71,5,no,2f2fc876-9efd-5348-0bf2-b8a8f619ca4a
KXLIGAMXGAME-25NOV08CRAPUM-CRA,2025-11-09T04:18:33.908852Z,0.73,75,no,258fba6e-2b8c-54d5-35c4-c0655c24a307
KXLIGAMXGAME-25NOV08CRAPUM-CRA,2025-11-09T04:18:33.908852Z,0.73,6,no,22e3fcff-7894-5b42-2477-3a6016e7d09a
KXLIGAMXGAME-25NOV08CRAPUM-CRA,2025-11-09T04:17:27.589987Z,0.78,1,yes,cef61cb0-27b2-786f-3362-8ca16fd05e3c
KXLIGAMXGAME-25NOV08CRAPUM-CRA,2025-11-09T04:17:25.769213Z,0.73,24,no,39821628-289c-4116-5773-8ac20b66fd96
KXLIGAMXGAME-25NOV08CRAPUM-CRA,2025-11-09T04:14:52.112669Z,0.78,10,yes,96fb99b4-d19b-7388-fb2a-0cdebd091e65
KXLIGAMXGAME-25NOV08CRAPUM-CRA,2025-11-09T04:14:52.112669Z,0.79,16,yes,8b7ed701-b487-7420-e483-e3e9eb463e24
KXLIGAMXGAME-25NOV08CRAPUM-CRA,2025-11-09T04:14:52.112669Z,0.79,32,yes,5f20b02b-9727-7e6e-e1ad-16da34a09010
KXLIGAMXGAME-25NOV08CRAPUM-CRA,2025-11-09T04:12:53.936204Z,0.78,25,yes,50e71b43-a170-5a8a-8423-6326ed688444
KXLIGAMXGAME-25NOV08CRAPUM-CRA,2025-11-09T04:12:53.936204Z,0.78,29,yes,2b9615f8-1f9f-5432-93bf-3a3cc5e3d44a
KXLIGAMXGAME-25NOV08CRAPUM-CRA,2025-11-09T04:08:57.248621Z,0.83,5,yes,dbaee798-6d1a-68a7-2df7-60a8bfc058c1
KXLIGAMXGAME-25NOV08CRAPUM-CRA,2025-11-09T04:08:50.409575Z,0.65,31,no,db0b96fd-a0c4-6709-ed2e-c56f0bb1f3ef
KXLIGAMXGAME-25NOV08CRAPUM-CRA,2025-11-09T04:08:50.409575Z,0.65,24,no,b27deea0-3a86-67b0-e6b4-90fdde283e35
KXLIGAMXGAME-25NOV08CRAPUM-CRA,2025-11-09T04:08:50.409575Z,0.65,15,no,15ad8ab1-b76c-67b1-e7b4-eeb47b600fb1
KXLIGAMXGAME-25NOV08CRAPUM-CRA,2025-11-09T04:05:01.175528Z,0.75,15,no,035545fe-ad6c-59be-93be-6021c0e04d2b
KXLIGAMXGAME-25NOV08CRAPUM-CRA,2025-11-09T04:05:01.172612Z,0.75,20,no,b5f32f48-e81f-6963-4f2b-ca0a14e575dc
KXLIGAMXGAME-25NOV08CRAPUM-CRA,2025-11-09T04:05:01.172612Z,0.75,11,no,47d3b3dc-3d8c-62de-6843-7adee143bb83
KXLIGAMXGAME-25NOV08CRAPUM-CRA,2025-11-09T03:59:21.101592Z,0.83,1,yes,8430f30f-756b-7297-0092-af096a453b11
KXLIGAMXGAME-25NOV08CRAPUM-CRA,2025-11-09T03:58:17.744499Z,0.82,56,yes,ec6fb1e8-29a7-7052-def9-410a685a836d
KXLIGAMXGAME-25NOV08CRAPUM-CRA,2025-11-09T03:58:17.744499Z,0.83,38,yes,eb71cf2d-70e8-79d2-c7e9-f10e96047e54
KXLIGAMXGAME-25NOV08CRAPUM-CRA,2025-11-09T03:58:17.744499Z,0.83,57,yes,985ad93c-b2a6-7618-c89a-ea86cff3b45c
KXLIGAMXGAME-25NOV08CRAPUM-CRA,2025-11-09T03:58:17.744499Z,0.85,56,yes,8f0dd392-6f4b-73a5-fc78-8c8e40c2cc66
KXLIGAMXGAME-25NOV08CRAPUM-CRA,2025-11-09T03:58:17.744499Z,0.86,30,yes,62d0aacd-1e1f-7936-d509-6d7e8d5cb79e
KXLIGAMXGAME-25NOV08CRAPUM-CRA,2025-11-09T03:58:17.744499Z,0.86,57,yes,56411b51-ca2e-7293-d092-67d80648f341
KXLIGAMXGAME-25NOV08CRAPUM-CRA,2025-11-09T03:53:12.331456Z,0.88,101,yes,980e6b34-7b10-60a3-3aed-e11816236a5f
KXLIGAMXGAME-25NOV08CRAPUM-CRA,2025-11-09T03:53:12.331456Z,0.88,33,yes,5d2e08ad-6669-6265-113e-a0954ace316f
KXLIGAMXGAME-25NOV08CRAPUM-CRA,2025-11-09T03:52:42.940127Z,0.6,11,no,d660d407-b416-4d8d-65e6-bd2736076be2
KXLIGAMXGAME-25NOV08CRAPUM-CRA,2025-11-09T03:52:17.845793Z,0.88,11,yes,1d6b127e-9e68-6293-b990-11825b3ae657
KXLIGAMXGAME-25NOV08CRAPUM-CRA,2025-11-09T03:52:15.002552Z,0.72,5,no,b5deeefe-3534-4d07-322c-48d3747395fa
KXLIGAMXGAME-25NOV08CRAPUM-CRA,2025-11-09T03:52:15.002552Z,0.74,33,no,7c93a838-dbd2-47fe-12f9-dc0a079ffd0d
KXLIGAMXGAME-25NOV08CRAPUM-CRA,2025-11-09T03:52:15.002552Z,0.74,30,no,5f062c6a-13fd-4acd-3b16-458fa58f4d2b
KXLIGAMXGAME-25NOV08CRAPUM-CRA,2025-11-09T03:52:15.002552Z,0.73,34,no,51a33681-fb07-457a-3ad5-90c55803bc00
KXLIGAMXGAME-25NOV08CRAPUM-CRA,2025-11-09T03:51:10.9865Z,0.88,1,yes,18d0129f-c460-4347-7152-bb3a3d3304a7
KXLIGAMXGAME-25NOV08CRAPUM-CRA,2025-11-09T03:48:09.114892Z,0.71,68,no,fed9023f-d4be-5767-5f77-985673a03e9c
KXLIGAMXGAME-25NOV08CRAPUM-CRA,2025-11-09T03:48:09.114892Z,0.72,71,no,d67c22cc-9ebb-5d77-770b-2588749411e9
KXLIGAMXGAME-25NOV08CRAPUM-CRA,2025-11-09T03:48:09.114892Z,0.71,22,no,2a74c2ac-9f9e-59f9-76bf-6996914fb4ef
KXLIGAMXGAME-25NOV08CRAPUM-CRA,2025-11-09T03:46:48.448097Z,0.6,13,no,b9b8df50-6bde-455d-32e5-85afcdb73472
KXLIGAMXGAME-25NOV08CRAPUM-CRA,2025-11-09T03:46:25.966074Z,0.72,98,no,5928d4b5-b19f-5e36-eab7-c6a79a4e96ed
KXLIGAMXGAME-25NOV08CRAPUM-CRA,2025-11-09T03:46:25.966074Z,0.73,111,no,50f50f09-3cfd-5d76-d834-d2447d06d522
KXLIGAMXGAME-25NOV08CRAPUM-CRA,2025-11-09T03:46:25.966074Z,0.74,115,no,2eca12b3-ccc1-5ab9-f1da-6ef8645b33e5
KXLIGAMXGAME-25NOV08CRAPUM-CRA,2025-11-09T03:46:25.966074Z,0.74,30,no,24d518f6-d90e-5135-f7ba-51e599790f0b
KXLIGAMXGAME-25NOV08CRAPUM-CRA,2025-11-09T03:45:33.768569Z,0.75,30,no,da4ed588-33d8-4f47-6c99-49841d3bc817
KXLIGAMXGAME-25NOV08CRAPUM-CRA,2025-11-09T03:45:33.768569Z,0.73,112,no,d877ebcc-0044-4585-45a6-dbb89de50afc
KXLIGAMXGAME-25NOV08CRAPUM-CRA,2025-11-09T03:45:33.768569Z,0.74,112,no,b8c755e5-fbcf-4ebd-4f9e-c2307360ebc4
KXLIGAMXGAME-25NOV08CRAPUM-CRA,2025-11-09T03:45:33.768569Z,0.7,4,no,ad6f46cc-7a00-4e99-79bd-0a25613f779a
KXLIGAMXGAME-25NOV08CRAPUM-CRA,2025-11-09T03:45:33.768569Z,0.75,108,no,8a136905-328c-4146-7a44-a9b0f84ca2c9
KXLIGAMXGAME-25NOV08CRAPUM-CRA,2025-11-09T03:44:43.42412Z,0.75,158,yes,eb2f2f92-115e-7e77-9bc3-56b50f81f421
KXLIGAMXGAME-25NOV08CRAPUM-CRA,2025-11-09T03:44:31.641898Z,0.75,38,no,b588969d-730a-7727-c0f5-78858d3c5895
KXLIGAMXGAME-25NOV08CRAPUM-CRA,2025-11-09T03:44:31.641898Z,0.75,14,no,8bb3a428-4e05-7765-ce69-3cb0c4caef87
KXLIGAMXGAME-25NOV08CRAPUM-CRA,2025-11-09T03:42:38.899155Z,0.76,32,yes,f4a5b6d1-7f9e-7427-0f8f-2ef364c30121
KXLIGAMXGAME-25NOV08CRAPUM-CRA,2025-11-09T03:41:00.153352Z,0.77,1,yes,4b2d36c1-43c9-76e7-7540-eca300494702
KXLIGAMXGAME-25NOV08CRAPUM-CRA,2025-11-09T03:38:56.024773Z,0.75,190,no,a8eb1487-15e4-71fa-c0d8-d9a5ca141976
KXLIGAMXGAME-25NOV08CRAPUM-CRA,2025-11-09T03:37:37.344086Z,0.78,2,yes,d741b8a0-8d07-7602-defc-a0bf343a50e2
KXLIGAMXGAME-25NOV08CRAPUM-CRA,2025-11-09T03:35:48.24428Z,0.81,137,yes,ff43ee2b-20b2-5d4a-81bb-72f792019260
KXLIGAMXGAME-25NOV08CRAPUM-CRA,2025-11-09T03:35:48.24428Z,0.79,30,yes,c04e014a-1e57-5150-a408-6bde2959c476
KXLIGAMXGAME-25NOV08CRAPUM-CRA,2025-11-09T03:35:48.24428Z,0.82,25,yes,48b9d4c5-4f2d-5b7d-b731-d744cd186385
KXLIGAMXGAME-25NOV08CRAPUM-CRA,2025-11-09T03:31:55.905244Z,0.87,85,yes,86bb4c8e-ab3c-7b8d-5052-fe788dc1bc92
KXLIGAMXGAME-25NOV08CRAPUM-CRA,2025-11-09T03:31:42.357485Z,0.8,1,yes,e155a9d3-7a6b-6444-ca7d-4f61e74073d7
KXLIGAMXGAME-25NOV08CRAPUM-CRA,2025-11-09T03:31:42.357485Z,0.83,32,yes,06cfe7ad-8c54-632b-efc3-bc22d135ccb6
KXLIGAMXGAME-25NOV08CRAPUM-CRA,2025-11-09T03:29:57.983842Z,0.8,19,yes,8ff051d2-1653-520c-5720-b6705aabe51b
KXLIGAMXGAME-25NOV08CRAPUM-CRA,2025-11-09T03:29:57.983842Z,0.79,11,yes,75f69ff6-d354-5f6d-7a54-c87439931d3d
KXLIGAMXGAME-25NOV08CRAPUM-CRA,2025-11-09T03:29:47.556565Z,0.73,26,yes,b5f24f28-e00e-5c32-55ba-644f1cdec709
KXLIGAMXGAME-25NOV08CRAPUM-CRA,2025-11-09T03:25:38.64199Z,0.5,3,yes,ead04a5c-9f90-59df-fd0d-58c302d19fff
KXLIGAMXGAME-25NOV08CRAPUM-CRA,2025-11-09T03:25:34.660146Z,0.43,1,yes,c17c97de-f945-6c52-e83f-69d437076149
KXLIGAMXGAME-25NOV08CRAPUM-CRA,2025-11-09T03:25:31.638658Z,0.43,33,yes,ef4c9ef6-3179-6810-27d9-3a7c456dbc0d
KXLIGAMXGAME-25NOV08CRAPUM-CRA,2025-11-09T03:25:25.238709Z,0.31,42,yes,c4442965-0a40-5e39-a822-669b5a7b46aa
KXLIGAMXGAME-25NOV08CRAPUM-CRA,2025-11-09T03:25:07.452431Z,0.39,125,yes,af996ac9-5dda-5b30-721e-2ec044fb9452
KXLIGAMXGAME-25NOV08CRAPUM-CRA,2025-11-09T03:24:53.649789Z,0.44,28,yes,050393e8-3839-406c-c80f-19e93c5cd56e
KXLIGAMXGAME-25NOV08CRAPUM-CRA,2025-11-09T03:23:01.784819Z,0.83,59,yes,1ec8ae66-b334-582c-8f87-699bed218bce
KXLIGAMXGAME-25NOV08CRAPUM-CRA,2025-11-09T03:22:13.56047Z,0.3,14,yes,51f5a641-a824-4fe3-50ae-c19c07b12428
KXLIGAMXGAME-25NOV08CRAPUM-CRA,2025-11-09T03:20:41.031598Z,0.3,4,yes,b3900a8f-b54c-5ebf-dccb-613b68c1ef50
KXLIGAMXGAME-25NOV08CRAPUM-CRA,2025-11-09T03:20:07.812563Z,0.53,71,no,57e13e96-94f2-6391-76ad-b99a12423260
KXLIGAMXGAME-25NOV08CRAPUM-CRA,2025-11-09T03:20:06.068935Z,0.53,85,no,4e2454ed-1d0e-7919-0a4c-518331a5efe0
KXLIGAMXGAME-25NOV08CRAPUM-CRA,2025-11-09T03:20:05.499932Z,0.53,25,no,5694576b-7eb2-69dd-ee39-60d656f60fdc
KXLIGAMXGAME-25NOV08CRAPUM-CRA,2025-11-09T03:19:57.437395Z,0.53,25,no,41ea5da8-b962-6255-0cdc-d3e3dfa93c00
KXLIGAMXGAME-25NOV08CRAPUM-CRA,2025-11-09T03:19:28.092972Z,0.55,52,yes,268029c4-6993-4626-a6c1-bb9549ffcd61
KXLIGAMXGAME-25NOV08CRAPUM-CRA,2025-11-09T03:18:04.8801Z,0.63,22,yes,dbee879e-1b10-7319-6a75-264651301856
KXLIGAMXGAME-25NOV08CRAPUM-CRA,2025-11-09T03:17:03.909361Z,0.57,85,yes,cdf4049b-524c-6d1a-1336-9958eab54016
KXLIGAMXGAME-25NOV08CRAPUM-CRA,2025-11-09T03:16:45.059276Z,0.53,3,yes,b6256fc4-8707-79dd-9777-24f47ab2b629
KXLIGAMXGAME-25NOV08CRAPUM-CRA,2025-11-09T03:16:29.593556Z,0.55,40,no,4e8cd5f7-74df-5276-f81b-e21cb0d024f8
KXLIGAMXGAME-25NOV08CRAPUM-CRA,2025-11-09T03:14:20.793141Z,0.58,25,no,7549e6b9-5c70-47d4-9f55-18a3e3f18b4c
KXLIGAMXGAME-25NOV08CRAPUM-CRA,2025-11-09T03:14:17.12356Z,0.58,25,no,9f2ec497-6040-741c-abde-915aa9857c5c
KXLIGAMXGAME-25NOV08CRAPUM-CRA,2025-11-09T03:14:15.4902Z,0.58,9,no,7a7a7b71-ac0c-41fc-ae60-e4c5138000a0
KXLIGAMXGAME-25NOV08CRAPUM-CRA,2025-11-09T03:14:13.876538Z,0.58,25,no,316601ed-c7e4-4f34-b591-8f87fb096b30
KXLIGAMXGAME-25NOV08CRAPUM-CRA,2025-11-09T03:14:11.339133Z,0.6,25,no,da991b4f-f804-40e0-4a6a-45f809e4cc08
KXLIGAMXGAME-25NOV08CRAPUM-CRA,2025-11-09T03:14:08.586166Z,0.6,25,no,14431d94-c328-5630-b85d-627d9c2bc700
KXLIGAMXGAME-25NOV08CRAPUM-CRA,2025-11-09T03:14:06.990231Z,0.6,9,no,96051170-e240-5784-387b-5ae36381dd2c
KXLIGAMXGAME-25NOV08CRAPUM-CRA,2025-11-09T03:14:05.561222Z,0.6,25,no,f8465e2a-3764-7b48-2998-8638f8a706f4
KXLIGAMXGAME-25NOV08CRAPUM-CRA,2025-11-09T03:13:57.753029Z,0.55,9,no,8e445a4e-5c6d-4cb7-56a4-1bc54d494467
KXLIGAMXGAME-25NOV08CRAPUM-CRA,2025-11-09T03:13:10.148883Z,0.51,9,no,30d132c9-f4e5-66c3-7474-52827ef68fdb
KXLIGAMXGAME-25NOV08CRAPUM-CRA,2025-11-09T03:12:02.1509Z,0.51,106,no,05357e54-c5b9-4c62-5bdc-40819556c4ef
KXLIGAMXGAME-25NOV08CRAPUM-CRA,2025-11-09T03:11:36.96995Z,0.7,27,yes,7ece7df6-2ca5-6e45-6cb3-cc498c8ebe99
KXLIGAMXGAME-25NOV08CRAPUM-CRA,2025-11-09T03:07:27.719434Z,0.7,20,yes,ba188ec1-b141-7c51-cc8e-a29b35c6fd49
KXLIGAMXGAME-25NOV08CRAPUM-CRA,2025-11-09T03:03:43.000733Z,0.54,1,yes,aea1dddb-2287-6814-b27e-018125fc32b8
KXLIGAMXGAME-25NOV08CRAPUM-CRA,2025-11-09T03:02:56.122382Z,0.55,49,yes,1e60e476-e882-5735-5e78-d013004a13b1
KXLIGAMXGAME-25NOV08CRAPUM-CRA,2025-11-09T02:59:37.721936Z,0.56,173,yes,5620f6f6-c5bb-78b1-1773-8ed24dab9557
KXLIGAMXGAME-25NOV08CRAPUM-CRA,2025-11-09T02:58:58.306752Z,0.56,695,yes,57d40091-036b-65bd-1a98-4896ecacd7b3
KXLIGAMXGAME-25NOV08CRAPUM-CRA,2025-11-09T02:58:23.317302Z,0.56,20,yes,49d7c932-efef-4801-9955-6328b3e5663f
KXLIGAMXGAME-25NOV08CRAPUM-CRA,2025-11-09T02:57:59.733955Z,0.57,59,yes,71e44295-baee-7d6b-fe69-c3dbfdbcbef2
KXLIGAMXGAME-25NOV08CRAPUM-CRA,2025-11-09T02:57:37.274609Z,0.57,37,yes,07e9389c-eb1e-5b43-c3f3-8dbee66fffe6
KXLIGAMXGAME-25NOV08CRAPUM-CRA,2025-11-09T02:56:50.528193Z,0.57,42,yes,56b4323d-e7b2-6ba3-f8ec-e5f1d2e12faa
KXLIGAMXGAME-25NOV08CRAPUM-CRA,2025-11-09T02:55:02.509186Z,0.57,49,yes,dfaf3812-2c52-51ff-563f-bbabf306fdea
KXLIGAMXGAME-25NOV08CRAPUM-CRA,2025-11-09T02:54:10.972665Z,0.57,4,yes,df250c33-798a-4013-576a-0c1784acf05a
KXLIGAMXGAME-25NOV08CRAPUM-CRA,2025-11-09T02:52:38.762401Z,0.57,55,yes,c643a7f7-c02e-5277-193f-3ebb4481234f
KXLIGAMXGAME-25NOV08CRAPUM-CRA,2025-11-09T02:52:38.762401Z,0.57,115,yes,6717fd4b-eb72-57e8-0e58-9b1f91e74dcd
KXLIGAMXGAME-25NOV08CRAPUM-CRA,2025-11-09T02:52:38.762401Z,0.57,57,yes,5fec6b52-81c5-53a6-1d9e-d1be5dcaa67e
KXLIGAMXGAME-25NOV08CRAPUM-CRA,2025-11-09T02:52:38.762401Z,0.57,19,yes,33aa740e-2c9e-5c93-3c9b-f1e5c9708a8e
KXLIGAMXGAME-25NOV08CRAPUM-CRA,2025-11-09T02:52:22.930344Z,0.57,34,yes,c3453142-8c29-6b6e-567b-4424917f9dda
KXLIGAMXGAME-25NOV08CRAPUM-CRA,2025-11-09T02:48:32.605195Z,0.57,30,yes,b7d3ab7e-023f-6a66-35fd-80c7239eac9f
KXLIGAMXGAME-25NOV08CRAPUM-CRA,2025-11-09T02:48:32.605195Z,0.57,69,yes,8aa79942-32c0-674c-2699-439140957419
KXLIGAMXGAME-25NOV08CRAPUM-CRA,2025-11-09T02:48:32.605195Z,0.57,54,yes,1d86a08f-3491-68d6-2a06-8b0e49bb818e
KXLIGAMXGAME-25NOV08CRAPUM-CRA,2025-11-09T02:48:25.22527Z,0.57,30,yes,95c14bf9-9c78-6580-e437-94676fb29891
KXLIGAMXGAME-25NOV08CRAPUM-CRA,2025-11-09T02:47:25.288543Z,0.57,1,yes,0eb773b7-63cc-76c4-f207-3577e394196d
KXLIGAMXGAME-25NOV08CRAPUM-CRA,2025-11-09T02:46:38.050223Z,0.57,156,yes,5f59febf-2990-5934-280b-71027e09c149
KXLIGAMXGAME-25NOV08CRAPUM-CRA,2025-11-09T02:44:43.240027Z,0.57,85,yes,a70663ae-ad58-754c-b418-b34753dd7d3d
KXLIGAMXGAME-25NOV08CRAPUM-CRA,2025-11-09T02:43:26.734906Z,0.57,33,yes,47530a23-55ac-7644-46c4-abb38b22c605
KXLIGAMXGAME-25NOV08CRAPUM-CRA,2025-11-09T02:35:42.289749Z,0.57,13,yes,249c3747-6998-5fcc-bee1-c32389d085e9
KXLIGAMXGAME-25NOV08CRAPUM-CRA,2025-11-09T02:34:29.142323Z,0.57,47,yes,eababe2d-44d3-65fd-3340-9b18fed0707a
KXLIGAMXGAME-25NOV08CRAPUM-CRA,2025-11-09T02:34:29.142323Z,0.57,71,yes,55b7ecc8-774b-6c9a-1ed4-555af5f167c7
KXLIGAMXGAME-25NOV08CRAPUM-CRA,2025-11-09T02:34:29.142323Z,0.57,227,yes,27102f97-3cc0-6fa0-0df3-2999a6144881
KXLIGAMXGAME-25NOV08CRAPUM-CRA,2025-11-09T02:33:52.920629Z,0.57,8,yes,5c5701db-fe4b-6935-3dd4-deaf63a94d0a
KXLIGAMXGAME-25NOV08CRAPUM-CRA,2025-11-09T02:32:39.801091Z,0.57,115,yes,beaa1fe7-0aab-6d1d-b5fc-8afa52f2bd5e
KXLIGAMXGAME-25NOV08CRAPUM-CRA,2025-11-09T02:32:39.801091Z,0.57,97,yes,467686a4-9d1e-6a0c-b91e-94db8757f626
KXLIGAMXGAME-25NOV08CRAPUM-CRA,2025-11-09T02:31:10.476189Z,0.57,42,yes,bedc72c9-5392-428c-699b-b5780f8a7dfa
KXLIGAMXGAME-25NOV08CRAPUM-CRA,2025-11-09T02:30:41.49126Z,0.57,6,yes,a2e1452b-7d3a-40f4-4aea-a32675ac0b4a
KXLIGAMXGAME-25NOV08CRAPUM-CRA,2025-11-09T02:30:33.969179Z,0.57,51,yes,e25c6a77-b07b-41c0-2d54-b98ad5880e2d
KXLIGAMXGAME-25NOV08CRAPUM-CRA,2025-11-09T02:30:33.969179Z,0.57,211,yes,c9698b0a-8bb3-405e-1c6b-a4ab20357b72
KXLIGAMXGAME-25NOV08CRAPUM-CRA,2025-11-09T02:30:33.969179Z,0.57,30,yes,bf5599fe-2de0-4e90-0c6e-aee4e29e89c3
KXLIGAMXGAME-25NOV08CRAPUM-CRA,2025-11-09T02:30:33.969179Z,0.57,37,yes,a56e2552-e6a6-4cd0-19da-694e40c722bb
KXLIGAMXGAME-25NOV08CRAPUM-CRA,2025-11-09T02:30:33.969179Z,0.57,57,yes,8fab459b-384e-4924-2f45-00c85fcec0f9
KXLIGAMXGAME-25NOV08CRAPUM-CRA,2025-11-09T02:30:33.969179Z,0.57,70,yes,8b797ac5-9582-4810-2316-667c302582da
KXLIGAMXGAME-25NOV08CRAPUM-CRA,2025-11-09T02:30:33.969179Z,0.57,95,yes,73381b99-104b-455c-2ec7-d7fb7607ac13
KXLIGAMXGAME-25NOV08CRAPUM-CRA,2025-11-09T02:30:33.969179Z,0.57,79,yes,550be3eb-4964-4d5d-012a-0a9ab073d2cc
KXLIGAMXGAME-25NOV08CRAPUM-CRA,2025-11-09T02:30:33.969179Z,0.57,51,yes,3be23894-5d3c-40a7-0f8d-830cec77c4c8
KXLIGAMXGAME-25NOV08CRAPUM-CRA,2025-11-09T02:30:22.310298Z,0.57,17,yes,8666581c-5652-69d8-694b-06919222e0eb
KXLIGAMXGAME-25NOV08CRAPUM-CRA,2025-11-09T02:30:04.0899Z,0.57,17,yes,2e6d329a-27ba-5998-3118-7c8df530ebaf
KXLIGAMXGAME-25NOV08CRAPUM-CRA,2025-11-09T02:25:12.79469Z,0.57,170,yes,aa67df9f-ddfa-67f4-0541-6f205baeb7c3
KXLIGAMXGAME-25NOV08CRAPUM-CRA,2025-11-09T02:23:17.540733Z,0.57,215,yes,35330274-7066-6628-0432-60a528b0a23b
KXLIGAMXGAME-25NOV08CRAPUM-CRA,2025-11-09T02:16:38.599787Z,0.57,51,yes,6904ee38-389a-7ef8-5e3e-5ffe75404b5b
KXLIGAMXGAME-25NOV08CRAPUM-CRA,2025-11-09T02:12:04.151155Z,0.57,57,yes,7c95107e-ca22-6950-5168-58c58d337aab
KXLIGAMXGAME-25NOV08CRAPUM-CRA,2025-11-09T02:11:08.263777Z,0.57,190,yes,dae592c7-f8e6-62c0-58a0-bfedc1c2b0b3
KXLIGAMXGAME-25NOV08CRAPUM-CRA,2025-11-09T02:09:51.009974Z,0.56,31,yes,0e7ad276-71a9-567c-3b11-52682453cf5c
KXLIGAMXGAME-25NOV08CRAPUM-CRA,2025-11-09T02:07:25.529849Z,0.56,53,yes,e597a1ec-fd21-5aec-06c5-3b60ea85ae0c
KXLIGAMXGAME-25NOV08CRAPUM-CRA,2025-11-09T02:06:49.006425Z,0.56,28,yes,9b18b231-23e1-4ab8-ca0d-ac26c462a240
KXLIGAMXGAME-25NOV08CRAPUM-CRA,2025-11-09T02:03:48.939364Z,0.56,17,yes,635b801d-65f1-6fa4-f67c-b6daa4be4c70
KXLIGAMXGAME-25NOV08CRAPUM-CRA,2025-11-09T02:02:36.86599Z,0.56,8,yes,9f3d8e72-7b45-5f3c-5cb6-2aac2a7d1208
KXLIGAMXGAME-25NOV08CRAPUM-CRA,2025-11-09T02:00:02.071949Z,0.56,150,yes,a78ca910-ed6d-6b9c-79e4-6273ec0e2130
KXLIGAMXGAME-25NOV08CRAPUM-CRA,2025-11-09T01:59:01.237083Z,0.56,138,yes,4f56afd1-de89-7c84-6431-90afd5b173a8
KXLIGAMXGAME-25NOV08CRAPUM-CRA,2025-11-09T01:57:23.997882Z,0.56,346,yes,83e699d8-2811-46bc-33fd-1dd19f3b7e60
KXLIGAMXGAME-25NOV08CRAPUM-CRA,2025-11-09T01:55:36.464532Z,0.56,39,yes,03640ff4-3579-5304-5fd3-ad156c78121c
KXLIGAMXGAME-25NOV08CRAPUM-CRA,2025-11-09T01:49:59.02339Z,0.56,17,yes,e688b624-6181-597c-816e-80bf82198500
KXLIGAMXGAME-25NOV08CRAPUM-CRA,2025-11-09T01:49:53.754739Z,0.56,173,yes,92893676-7281-6c08-4264-4bccadbf4db0
KXLIGAMXGAME-25NOV08CRAPUM-CRA,2025-11-09T01:42:55.692168Z,0.56,13,yes,35589281-f85c-57b3-2f56-aeb43ef76e61
KXLIGAMXGAME-25NOV08CRAPUM-CRA,2025-11-09T01:42:55.692168Z,0.57,21,yes,3320a495-bb3a-5810-36d7-a01e8ff48baf
KXLIGAMXGAME-25NOV08CRAPUM-CRA,2025-11-09T01:41:49.953251Z,0.56,7,yes,f4802a29-8be6-453b-099b-9743d53963bc
KXLIGAMXGAME-25NOV08CRAPUM-CRA,2025-11-09T01:41:49.953251Z,0.57,95,yes,d3846721-dcf6-4254-32ba-1520ec44afa3
KXLIGAMXGAME-25NOV08CRAPUM-CRA,2025-11-09T01:40:02.395047Z,0.57,51,yes,024a494e-cb32-5c50-5f62-c3b7a012a287
KXLIGAMXGAME-25NOV08CRAPUM-CRA,2025-11-09T01:36:05.231933Z,0.56,8,yes,520cf008-3720-4421-926e-ec708f895288
KXLIGAMXGAME-25NOV08CRAPUM-CRA,2025-11-09T01:36:05.231933Z,0.57,79,yes,4e08dd9c-3a8a-4a0c-bd56-0dc4a2b7157f
KXLIGAMXGAME-25NOV08CRAPUM-CRA,2025-11-09T01:36:05.231933Z,0.56,13,yes,3ea5d483-c126-47b8-ad68-2ea29570f664
KXLIGAMXGAME-25NOV08CRAPUM-CRA,2025-11-09T01:34:54.014156Z,0.56,57,yes,dbecc70a-2021-7123-2b5d-39c187c7134f
KXLIGAMXGAME-25NOV08CRAPUM-CRA,2025-11-09T01:34:54.014156Z,0.56,12,yes,9c873ea2-7122-7514-0d7f-dc42850f8f24
KXLIGAMXGAME-25NOV08CRAPUM-CRA,2025-11-09T01:34:54.014156Z,0.56,17,yes,92877397-2435-7c66-2777-212638850698
KXLIGAMXGAME-25NOV08CRAPUM-CRA,2025-11-09T01:30:55.21679Z,0.56,242,yes,182fb32a-5eed-540f-3c85-b8ccaccd325f
KXLIGAMXGAME-25NOV08CRAPUM-CRA,2025-11-09T01:29:01.95905Z,0.56,10,yes,c9c74a08-c76d-6fa3-97d9-950ce49103ac
KXLIGAMXGAME-25NOV08CRAPUM-CRA,2025-11-09T01:29:01.95905Z,0.56,144,yes,5d805b43-a611-68b7-9309-5f11361556cb
KXLIGAMXGAME-25NOV08CRAPUM-CRA,2025-11-09T01:29:01.95905Z,0.56,19,yes,55f4f853-0ccb-69d7-bad3-d73ebffc3a24
KXLIGAMXGAME-25NOV08CRAPUM-CRA,2025-11-09T01:20:40.118278Z,0.56,114,yes,967ff7b0-271f-6e56-742f-16b42e749507
KXLIGAMXGAME-25NOV08CRAPUM-CRA,2025-11-09T01:20:40.118278Z,0.56,56,yes,69513f93-4faa-6db3-7ef1-f7912c308afe
KXLIGAMXGAME-25NOV08CRAPUM-CRA,2025-11-09T01:19:21.562863Z,0.56,17,yes,3711b67a-1e3f-747e-2fca-50643322f17b
KXLIGAMXGAME-25NOV08CRAPUM-CRA,2025-11-09T01:19:12.657448Z,0.47,6,no,81058a77-23f4-6486-6849-ab71de55e9e2
KXLIGAMXGAME-25NOV08CRAPUM-CRA,2025-11-09T01:11:24.17823Z,0.56,8,yes,0f746398-612b-52e2-2a4c-3252798d357f
KXLIGAMXGAME-25NOV08CRAPUM-CRA,2025-11-09T01:06:19.750979Z,0.56,12,yes,4ede5689-8433-629e-c241-9e778914987b
KXLIGAMXGAME-25NOV08CRAPUM-CRA,2025-11-09T01:00:41.692794Z,0.56,86,yes,35f3bfad-61cb-5112-4e38-156ee50a9e9b
KXLIGAMXGAME-25NOV08CRAPUM-CRA,2025-11-09T00:56:44.573454Z,0.56,43,yes,a7e66d88-9c5b-68ee-fe0d-4511f2b480ab
KXLIGAMXGAME-25NOV08CRAPUM-CRA,2025-11-09T00:44:34.898705Z,0.56,25,yes,9913930e-4a8b-44d2-c60e-09714af839eb
KXLIGAMXGAME-25NOV08CRAPUM-CRA,2025-11-09T00:42:58.819633Z,0.56,17,yes,5832869c-c3fb-79ba-0b58-98d96a2b4933
KXLIGAMXGAME-25NOV08CRAPUM-CRA,2025-11-09T00:32:49.15606Z,0.56,25,yes,2eb966c7-e873-6476-a140-3a024c1f560f
KXLIGAMXGAME-25NOV08CRAPUM-CRA,2025-11-09T00:29:29.69899Z,0.56,61,yes,29b6014d-eb9b-7fd2-4053-81a911ae39a7
KXLIGAMXGAME-25NOV08CRAPUM-CRA,2025-11-09T00:26:34.3633Z,0.56,8,yes,d6965436-e127-4d66-7e0b-85c5a15879e7
KXLIGAMXGAME-25NOV08CRAPUM-CRA,2025-11-09T00:24:06.868985Z,0.56,25,yes,7c312243-a2f7-7f8e-ebe6-32028af7135b
KXLIGAMXGAME-25NOV08CRAPUM-CRA,2025-11-09T00:12:59.546361Z,0.56,25,yes,fbd340cd-9b73-4d72-9078-f8065bd5b53f
KXLIGAMXGAME-25NOV08CRAPUM-CRA,2025-11-09T00:11:38.529621Z,0.55,3,yes,de005d16-731d-6eda-ac6e-41edafd583d5
KXLIGAMXGAME-25NOV08CRAPUM-CRA,2025-11-09T00:11:38.529621Z,0.55,13,yes,c5412fad-6b53-6b13-a15e-f76e66eafeb4
KXLIGAMXGAME-25NOV08CRAPUM-CRA,2025-11-09T00:11:38.529621Z,0.55,14,yes,329077d6-9fa2-660d-a9e0-19bdf2d0bc60
KXLIGAMXGAME-25NOV08CRAPUM-CRA,2025-11-09T00:11:38.529621Z,0.56,5,yes,300ab9aa-e67b-6cc2-948b-cd4526eba07b
KXLIGAMXGAME-25NOV08CRAPUM-CRA,2025-11-09T00:10:18.849514Z,0.55,123,yes,f8feb784-86ca-7579-02ed-303c19e52608
KXLIGAMXGAME-25NOV08CRAPUM-CRA,2025-11-08T23:42:00.604844Z,0.55,35,yes,8ea5349b-09ce-7269-b540-922830340ff8
KXLIGAMXGAME-25NOV08CRAPUM-CRA,2025-11-08T23:30:35.918469Z,0.55,176,yes,3f92905c-affa-7d23-258a-a9bfa6d15a76
KXLIGAMXGAME-25NOV08CRAPUM-CRA,2025-11-08T23:27:16.786593Z,0.55,44,yes,2a91fecd-e302-5d2b-18ff-ac76c59f9b16
KXLIGAMXGAME-25NOV08CRAPUM-CRA,2025-11-08T23:17:50.894132Z,0.55,17,yes,b933e1a8-fd12-4ef7-b002-8c19e44122ea
KXLIGAMXGAME-25NOV08CRAPUM-CRA,2025-11-08T23:04:44.541187Z,0.55,26,yes,d039be5b-5138-7367-ab12-ef5776a3a167
KXLIGAMXGAME-25NOV08CRAPUM-CRA,2025-11-08T22:57:06.916568Z,0.55,89,yes,1528384f-7156-7c55-23be-e385406c1df4
KXLIGAMXGAME-25NOV08CRAPUM-CRA,2025-11-08T22:45:23.198654Z,0.56,10,yes,d237015c-76e3-4266-a454-20f1d9ad0bcb
KXLIGAMXGAME-25NOV08CRAPUM-CRA,2025-11-08T22:28:04.074802Z,0.56,86,yes,07247a53-1daf-6312-ee80-e90442cd5feb
KXLIGAMXGAME-25NOV08CRAPUM-CRA,2025-11-08T22:20:16.166086Z,0.6,12,yes,698804d1-2f19-601a-6e3a-dfb8240fa2d7
KXLIGAMXGAME-25NOV08CRAPUM-CRA,2025-11-08T22:01:56.875343Z,0.58,15,yes,9848681c-6cdd-4017-ff06-cbdb79b50b9e
KXLIGAMXGAME-25NOV08CRAPUM-CRA,2025-11-08T22:01:56.875343Z,0.6,66,yes,8854e90a-1009-4a7a-c624-1bc7e85de6fb
KXLIGAMXGAME-25NOV08CRAPUM-CRA,2025-11-08T22:01:13.405936Z,0.58,25,yes,60f6f06b-ead9-7fef-8cf1-76c9e38becd6
KXLIGAMXGAME-25NOV08CRAPUM-CRA,2025-11-08T21:39:50.899215Z,0.58,8,yes,046c89e4-464d-4337-2445-7108302730ca
KXLIGAMXGAME-25NOV08CRAPUM-CRA,2025-11-08T20:46:01.830038Z,0.58,1,yes,c3522ce1-148d-652f-8d96-e6a4d4c7d566
KXLIGAMXGAME-25NOV08CRAPUM-CRA,2025-11-08T19:32:22.40841Z,0.58,25,yes,b9bdd68b-27a5-4f4f-cc94-d4a1e0f3ea7a
KXLIGAMXGAME-25NOV08CRAPUM-CRA,2025-11-08T19:19:25.40182Z,0.59,16,yes,0a739b5d-27b1-4973-832b-6f70c3d8722a
KXLIGAMXGAME-25NOV08CRAPUM-CRA,2025-11-08T18:45:05.81285Z,0.6,1,yes,5659d33a-ffb5-77d6-e53e-26c777f5f743
KXLIGAMXGAME-25NOV08CRAPUM-CRA,2025-11-08T18:15:51.31305Z,0.6,9,yes,edfe2603-3951-7de6-db15-22d96d293ee3
KXLIGAMXGAME-25NOV08CRAPUM-CRA,2025-11-08T18:05:59.546726Z,0.6,16,yes,248a6f95-8c21-7ba2-8829-cc8c9563c1b3
KXLIGAMXGAME-25NOV08CRAPUM-CRA,2025-11-08T15:40:53.943185Z,0.6,16,yes,ceb964a0-bd8d-72b6-02cc-fdf1707a8b47
KXLIGAMXGAME-25NOV08CRAPUM-CRA,2025-11-08T14:59:59.229372Z,0.6,405,yes,246ef53e-ce7d-651e-630a-70789929c06b
KXLIGAMXGAME-25NOV08CRAPUM-CRA,2025-11-08T13:41:01.63357Z,0.6,24,yes,0350be11-8bb5-6ac2-86a4-bfa677af1c53
