ticker,created_time,price,count,taker_side,trade_id
KXMAMDANIMENTION-25NOV06-INEQ,2025-11-05T17:54:29.614353Z,0.08,11,yes,fae788aa-c956-7fcd-499b-f9033e2558fa
KXMAMDANIMENTION-25NOV06-INEQ,2025-11-05T17:26:50.128934Z,0.07,6,yes,445b5946-b2ec-406e-5d2d-e4e212b3dead
KXMAMDANIMENTION-25NOV06-INEQ,2025-11-05T17:18:02.061299Z,0.08,13,yes,4afc14f6-25ab-5c94-c223-367f63ed35fe
KXMAMDANIMENTION-25NOV06-INEQ,2025-11-05T17:18:02.061299Z,0.02,413,yes,00bed07b-4d43-5c6b-d1ec-2a8c1cf603a0
KXMAMDANIMENTION-25NOV06-INEQ,2025-11-05T17:13:21.558567Z,0.02,93,yes,0b239cbf-006b-6b5f-87f6-dcc67de4d9c4
KXMAMDANIMENTION-25NOV06-INEQ,2025-11-05T17:06:00.157127Z,0.02,46,yes,2f4d06a0-5f03-6647-f8ff-75a3f5da9b50
KXMAMDANIMENTION-25NOV06-INEQ,2025-11-05T16:53:02.866368Z,0.25,65,yes,ee5f9c33-3643-46c0-9276-ed3399b0218e
KXMAMDANIMENTION-25NOV06-INEQ,2025-11-05T16:53:02.866368Z,0.24,50,yes,41214f8e-7d20-4591-96cf-ddbcb9e8ebc2
KXMAMDANIMENTION-25NOV06-INEQ,2025-11-05T16:52:58.797257Z,0.01,552,no,f7a82b49-9d9c-432c-8c6e-a3a28311c68b
KXMAMDANIMENTION-25NOV06-INEQ,2025-11-05T16:52:58.797257Z,0.01,42,no,a935d946-ba6b-4b9e-8853-51c25e283f68
KXMAMDANIMENTION-25NOV06-INEQ,2025-11-05T16:52:58.797257Z,0.01,100,no,a690d849-4d5b-479c-8549-443d323797eb
KXMAMDANIMENTION-25NOV06-INEQ,2025-11-05T16:52:58.797257Z,0.01,198,no,64b334a2-c3ca-4866-8051-577eb7bdc798
KXMAMDANIMENTION-25NOV06-INEQ,2025-11-05T16:52:58.797257Z,0.02,8,no,640e9694-b78d-4ed4-b6ec-a8279a425b9e
KXMAMDANIMENTION-25NOV06-INEQ,2025-11-05T16:52:58.797257Z,0.02,4,no,3260a0c9-2f3b-4b7e-a2c1-95a55f4260c9
KXMAMDANIMENTION-25NOV06-INEQ,2025-11-05T16:52:58.797257Z,0.01,45,no,2cdc1600-fd08-4c4c-a93d-e3832a670df5
KXMAMDANIMENTION-25NOV06-INEQ,2025-11-05T16:52:45.200089Z,0.25,30,yes,b4d75232-fbab-6bc0-4528-3edd98f12102
KXMAMDANIMENTION-25NOV06-INEQ,2025-11-05T16:52:28.832634Z,0.31,7,yes,9a01be66-880f-7f8e-200b-109f24c2446f
KXMAMDANIMENTION-25NOV06-INEQ,2025-11-05T16:52:28.832634Z,0.31,100,yes,2a45d560-98c8-7366-18da-f56a72bac35b
KXMAMDANIMENTION-25NOV06-INEQ,2025-11-05T16:52:20.970633Z,0.31,100,yes,dff1f51f-d583-5e1f-e2f4-5e003cffb4da
KXMAMDANIMENTION-25NOV06-INEQ,2025-11-05T16:51:38.513145Z,0.02,44,no,bb276edc-3720-42a7-2e5a-878a94245568
KXMAMDANIMENTION-25NOV06-INEQ,2025-11-05T16:51:38.513145Z,0.02,21,no,a2ac9080-867c-4b3a-37ca-08405cab2d4e
KXMAMDANIMENTION-25NOV06-INEQ,2025-11-05T16:50:50.90433Z,0.02,15,no,669cbe9b-9338-6033-22c4-7f07561fbdf4
KXMAMDANIMENTION-25NOV06-INEQ,2025-11-05T16:37:22.170721Z,0.3,15,yes,8ec4607b-a79c-56bf-d087-9971b84b92b0
KXMAMDANIMENTION-25NOV06-INEQ,2025-11-05T16:34:20.500966Z,0.35,27,yes,3ed96d1b-ca00-7897-b20b-78f80e2c54d8
KXMAMDANIMENTION-25NOV06-INEQ,2025-11-05T16:29:07.863105Z,0.38,5,yes,a7b67ef8-4a7f-4c84-08fa-29194bff3b72
KXMAMDANIMENTION-25NOV06-INEQ,2025-11-05T16:27:26.40894Z,0.39,12,yes,1178df90-4bdc-4c6f-02c0-3a7a288c7c9b
KXMAMDANIMENTION-25NOV06-INEQ,2025-11-05T16:25:52.325268Z,0.26,5,yes,a2805eb4-0433-7585-09d2-2df5a3a18bd7
KXMAMDANIMENTION-25NOV06-INEQ,2025-11-05T16:24:24.50466Z,0.24,20,yes,7e27befc-cd95-784d-d393-71ebcfa294a2
KXMAMDANIMENTION-25NOV06-INEQ,2025-11-05T16:23:54.511318Z,0.39,245,yes,fb4b0bff-9d48-7433-ea59-c4d0263454c7
KXMAMDANIMENTION-25NOV06-INEQ,2025-11-05T16:08:59.41183Z,0.5,19,yes,ab83f2a4-3d28-48f3-09cb-5595abfdcc80
KXMAMDANIMENTION-25NOV06-INEQ,2025-11-05T16:08:47.554913Z,0.21,40,no,9d42b403-36f5-70e7-d1da-c9eb37818384
KXMAMDANIMENTION-25NOV06-INEQ,2025-11-05T16:07:40.122395Z,0.23,40,no,2bed6803-905e-4746-465b-7fc1bbdfc5ff
KXMAMDANIMENTION-25NOV06-INEQ,2025-11-05T15:45:49.555681Z,0.33,40,yes,6c7fc522-fe9f-4eba-c56f-d163be4249a1
KXMAMDANIMENTION-25NOV06-INEQ,2025-11-05T15:44:07.666463Z,0.37,16,no,c35225cf-bf74-5102-4feb-e19ef18fbbe9
KXMAMDANIMENTION-25NOV06-INEQ,2025-11-05T15:44:07.666463Z,0.37,184,no,214d0a11-f074-5d65-43e3-c98454bea289
KXMAMDANIMENTION-25NOV06-INEQ,2025-11-05T15:42:47.355408Z,0.37,8,no,93ac621b-9fea-4599-683f-135bc38aa705
