ticker,created_time,price,count,taker_side,trade_id
KXNBATOTAL-25NOV08DALWAS-221,2025-11-09T02:29:34.967111Z,0.01,65,yes,5fcf44a1-dbcb-6cd2-db29-53cb06604cf6
KXNBATOTAL-25NOV08DALWAS-221,2025-11-09T02:29:00.942425Z,0.01,352,yes,3133a2af-52db-5b16-7123-e8cb6defcea2
KXNBATOTAL-25NOV08DALWAS-221,2025-11-09T02:28:34.895004Z,0.01,859,no,d27ecf3c-8276-700f-da98-31a026c884f7
KXNBATOTAL-25NOV08DALWAS-221,2025-11-09T02:28:34.895004Z,0.01,183,no,7f19bb55-46cd-729a-f086-6f734a850eaf
KXNBATOTAL-25NOV08DALWAS-221,2025-11-09T02:28:11.431135Z,0.01,302,no,d579513b-2f81-6006-962e-0d6d44e0a06b
KXNBATOTAL-25NOV08DALWAS-221,2025-11-09T02:27:12.408846Z,0.01,15,no,306ff689-1385-5b0a-7e2a-09f0b1a8780f
KXNBATOTAL-25NOV08DALWAS-221,2025-11-09T02:26:23.437622Z,0.02,81,no,59d2f16e-8d1e-62a3-ec64-d3a700099873
KXNBATOTAL-25NOV08DALWAS-221,2025-11-09T02:24:19.461324Z,0.03,102,no,b73cb5de-4fe3-4b65-faad-f208e52d90bb
KXNBATOTAL-25NOV08DALWAS-221,2025-11-09T02:24:13.558418Z,0.07,352,no,b9465091-13e3-51d1-df8c-53fc5654df5b
KXNBATOTAL-25NOV08DALWAS-221,2025-11-09T02:23:59.889891Z,0.07,18,no,e068f5ce-a1bf-48a1-49c2-1cd86edf88fb
KXNBATOTAL-25NOV08DALWAS-221,2025-11-09T02:22:07.439178Z,0.06,28,no,f912fa8d-a20a-5491-a0c8-23da2d6d93a3
KXNBATOTAL-25NOV08DALWAS-221,2025-11-09T02:20:42.78474Z,0.05,27,no,195d175b-77ef-75c9-9470-429b00ffe407
KXNBATOTAL-25NOV08DALWAS-221,2025-11-09T02:18:25.344639Z,0.44,57,no,e5c924db-465a-6ccd-5f11-8554328e2b85
KXNBATOTAL-25NOV08DALWAS-221,2025-11-09T02:18:25.344639Z,0.3,32,no,d4805535-315e-65c8-7472-9cdb83c013a2
KXNBATOTAL-25NOV08DALWAS-221,2025-11-09T02:17:32.585085Z,0.6,30,yes,9e19dd44-c641-7f83-a14c-4ccb950d4be3
KXNBATOTAL-25NOV08DALWAS-221,2025-11-09T02:17:01.519242Z,0.53,122,no,76a610a8-3e59-4cf7-0905-569b6766e5fb
KXNBATOTAL-25NOV08DALWAS-221,2025-11-09T02:16:42.57441Z,0.62,25,no,075f0aef-edba-42a2-0aa0-0bac4e89ef98
KXNBATOTAL-25NOV08DALWAS-221,2025-11-09T02:16:31.293511Z,0.68,28,yes,65ad60bc-d759-669a-b416-d26696dfedd3
KXNBATOTAL-25NOV08DALWAS-221,2025-11-09T02:16:10.482015Z,0.65,500,no,d11d7c20-a9a9-7aa9-2a36-6a4e131b7192
KXNBATOTAL-25NOV08DALWAS-221,2025-11-09T02:16:10.482015Z,0.7,500,no,cd0d6658-3c8b-726a-3879-8beb21029ee0
KXNBATOTAL-25NOV08DALWAS-221,2025-11-09T02:16:10.482015Z,0.69,1000,no,ba724fb2-7d90-769d-3a03-e0e7654c6d13
KXNBATOTAL-25NOV08DALWAS-221,2025-11-09T02:16:10.482015Z,0.74,5,no,95c1b570-dde6-723b-23d3-645057c31f4a
KXNBATOTAL-25NOV08DALWAS-221,2025-11-09T02:15:57.134501Z,0.8,200,yes,b7c414e5-0b9f-414f-d042-a6f0cb348b8a
KXNBATOTAL-25NOV08DALWAS-221,2025-11-09T02:14:38.820514Z,0.9,122,yes,b10f309e-edae-5798-3f8b-c38dee1b6e97
KXNBATOTAL-25NOV08DALWAS-221,2025-11-09T02:14:05.21843Z,0.93,57,yes,fb93d027-f132-7073-0bb1-b7c7abc2165f
KXNBATOTAL-25NOV08DALWAS-221,2025-11-09T02:14:05.21843Z,0.77,473,yes,d6dc4022-a79b-7134-1053-dc5210c97c1d
KXNBATOTAL-25NOV08DALWAS-221,2025-11-09T02:14:05.21843Z,0.86,500,yes,cc89b951-4ade-7e96-347b-93c9eb39fca5
KXNBATOTAL-25NOV08DALWAS-221,2025-11-09T02:14:05.21843Z,0.94,347,yes,bfeaceb3-62cd-7fc2-1b6d-72537b5c02ca
KXNBATOTAL-25NOV08DALWAS-221,2025-11-09T02:14:05.21843Z,0.88,35,yes,7be1457d-31ae-7a70-0d50-159e65be36be
KXNBATOTAL-25NOV08DALWAS-221,2025-11-09T02:14:05.21843Z,0.87,750,yes,1ac14d85-d7f2-7ab1-0a76-1586ca01ab63
KXNBATOTAL-25NOV08DALWAS-221,2025-11-09T02:13:09.620855Z,0.71,10,no,7dacaad4-e9ff-5aef-3bdd-445fa80322d1
KXNBATOTAL-25NOV08DALWAS-221,2025-11-09T02:12:59.481877Z,0.72,27,yes,dfd6bc16-02eb-5fdc-3813-f2ffe23b2131
KXNBATOTAL-25NOV08DALWAS-221,2025-11-09T02:11:13.738367Z,0.42,65,no,2ee8e851-8253-5b49-91f5-441f8e6b9ea1
KXNBATOTAL-25NOV08DALWAS-221,2025-11-09T02:11:01.639385Z,0.6,500,no,18f7eb42-b7e4-767b-81e2-598be15aab25
KXNBATOTAL-25NOV08DALWAS-221,2025-11-09T02:10:43.929709Z,0.51,500,yes,e3486b08-47d0-40e0-2805-0d6b375d8346
KXNBATOTAL-25NOV08DALWAS-221,2025-11-09T02:10:43.929709Z,0.52,150,yes,a2acca35-c299-48e6-371e-1cdd3d09aba0
KXNBATOTAL-25NOV08DALWAS-221,2025-11-09T02:10:38.832051Z,0.46,10,no,dfdd6105-aa58-7a83-e6fe-ab3f7c4c2693
KXNBATOTAL-25NOV08DALWAS-221,2025-11-09T02:10:06.661453Z,0.6,16,yes,4873a525-ebe6-40e4-1ab4-ea8a8297a678
KXNBATOTAL-25NOV08DALWAS-221,2025-11-09T02:10:01.616132Z,0.49,500,yes,917182ca-a8ef-68af-0eb2-9722b7e84004
KXNBATOTAL-25NOV08DALWAS-221,2025-11-09T02:08:54.521622Z,0.55,500,no,b8fc6c67-f87f-5a92-017a-9cc2439b4c03
KXNBATOTAL-25NOV08DALWAS-221,2025-11-09T02:08:49.245385Z,0.5,500,yes,348abbbf-77cd-5be2-29e6-a5fa630d644b
KXNBATOTAL-25NOV08DALWAS-221,2025-11-09T02:08:07.457354Z,0.57,500,no,f622da53-cad0-465d-91db-913488b1f997
KXNBATOTAL-25NOV08DALWAS-221,2025-11-09T02:08:07.457354Z,0.57,150,no,8f2ae51d-8e0b-4ff5-a603-55f0fc116502
KXNBATOTAL-25NOV08DALWAS-221,2025-11-09T02:05:12.712643Z,0.65,150,yes,1dcd8b8d-0bff-6858-77f3-db998d25cccd
KXNBATOTAL-25NOV08DALWAS-221,2025-11-09T02:04:40.988146Z,0.52,500,yes,bd846389-1fe8-728b-977e-64bec104fe83
KXNBATOTAL-25NOV08DALWAS-221,2025-11-09T02:04:37.898043Z,0.59,5,yes,31f113eb-126d-6d0f-b57b-cbd9d776f647
KXNBATOTAL-25NOV08DALWAS-221,2025-11-09T02:04:09.288383Z,0.63,10,no,d9376cfa-9443-69a5-1742-caddd4b6c805
KXNBATOTAL-25NOV08DALWAS-221,2025-11-09T02:04:09.288383Z,0.56,500,no,938cc434-7a35-6490-01cf-e563e905422d
KXNBATOTAL-25NOV08DALWAS-221,2025-11-09T02:04:09.288383Z,0.62,5,no,23771dbb-981e-689d-0cef-de9d1602e961
KXNBATOTAL-25NOV08DALWAS-221,2025-11-09T01:59:18.607225Z,0.59,16,yes,401134e0-c7a3-49d4-1f07-ec04633af303
KXNBATOTAL-25NOV08DALWAS-221,2025-11-09T01:56:53.234626Z,0.48,500,yes,2af65127-e5fe-4198-a929-60645be0cecb
KXNBATOTAL-25NOV08DALWAS-221,2025-11-09T01:56:39.337225Z,0.52,500,no,92e609a5-81c5-78e1-3522-aa40074ebeb4
KXNBATOTAL-25NOV08DALWAS-221,2025-11-09T01:56:22.555347Z,0.55,15,no,4f0d5f49-6d6c-7382-7e60-e50f15e57e70
KXNBATOTAL-25NOV08DALWAS-221,2025-11-09T01:56:22.555347Z,0.55,500,no,1b17e887-d86a-7638-6468-c2c2ec0a1fcf
KXNBATOTAL-25NOV08DALWAS-221,2025-11-09T01:48:43.084816Z,0.65,232,yes,7ade46a8-5f0e-6c3a-6840-e4052dda305c
KXNBATOTAL-25NOV08DALWAS-221,2025-11-09T01:45:44.359515Z,0.57,11,no,f15f6a5a-7538-5b1b-6814-15fed2b1cb50
KXNBATOTAL-25NOV08DALWAS-221,2025-11-09T01:42:59.370814Z,0.55,18,yes,de9a05c8-8a5a-790c-61d6-a7297e41a33a
KXNBATOTAL-25NOV08DALWAS-221,2025-11-09T01:41:42.865317Z,0.49,28,yes,c1bc4385-6e91-6a28-a5aa-3d5e71382f21
KXNBATOTAL-25NOV08DALWAS-221,2025-11-09T01:40:20.206081Z,0.49,28,no,39fa499d-0646-5712-89be-1493c5221eb9
KXNBATOTAL-25NOV08DALWAS-221,2025-11-09T01:32:14.77443Z,0.53,100,no,7ecdd922-1e1f-42ca-1003-fe0009d9b2ee
KXNBATOTAL-25NOV08DALWAS-221,2025-11-09T01:27:53.178489Z,0.55,500,no,d74b09ea-2d63-7ff0-1906-f6d5cfe1d0d0
KXNBATOTAL-25NOV08DALWAS-221,2025-11-09T01:18:25.049083Z,0.56,79,yes,8da14548-ccb2-5bbd-22dc-b70afd057650
KXNBATOTAL-25NOV08DALWAS-221,2025-11-09T01:11:45.875255Z,0.54,8,yes,fb563c3f-23ee-5d1c-e49e-eacb983beea6
KXNBATOTAL-25NOV08DALWAS-221,2025-11-09T01:08:38.353431Z,0.59,122,no,7c5871bc-b84a-5cfe-31b4-991a03ab91af
KXNBATOTAL-25NOV08DALWAS-221,2025-11-09T01:07:01.106588Z,0.6,102,yes,ff39f9d8-da4f-69a4-041b-c425e5896981
KXNBATOTAL-25NOV08DALWAS-221,2025-11-09T01:03:57.605067Z,0.63,15,yes,c70d3f79-3eb7-5616-85dd-d9a16772f80a
KXNBATOTAL-25NOV08DALWAS-221,2025-11-09T00:59:18.498851Z,0.65,100,no,a17aacdb-5520-6afa-94d8-524feef8cc03
KXNBATOTAL-25NOV08DALWAS-221,2025-11-09T00:55:35.353658Z,0.74,30,no,1f784b32-e9f6-616b-cc81-e2f7587b12d7
KXNBATOTAL-25NOV08DALWAS-221,2025-11-09T00:55:10.74419Z,0.8,40,no,1482dcf2-c64d-634c-ead7-1436cdb6657b
KXNBATOTAL-25NOV08DALWAS-221,2025-11-09T00:52:06.676204Z,0.9,20,yes,04646124-269b-7777-bad4-3ec4189b1d5d
KXNBATOTAL-25NOV08DALWAS-221,2025-11-09T00:29:58.573018Z,0.68,7,yes,959a84a3-a124-4e71-f603-ed84564491ee
KXNBATOTAL-25NOV08DALWAS-221,2025-11-09T00:29:36.988331Z,0.71,100,no,3e6dd6b4-6935-43f9-9278-e85b082ed1bd
KXNBATOTAL-25NOV08DALWAS-221,2025-11-09T00:29:36.988331Z,0.72,253,no,17c15dd6-c3dc-412d-a006-09859d3aa8e7
KXNBATOTAL-25NOV08DALWAS-221,2025-11-09T00:29:18.793336Z,0.72,20,no,eb836d9c-2810-7081-12e0-3378d41c962f
KXNBATOTAL-25NOV08DALWAS-221,2025-11-09T00:25:51.499529Z,0.72,17,no,23a49bfe-b178-750d-1437-f73099f8953f
KXNBATOTAL-25NOV08DALWAS-221,2025-11-09T00:24:14.165777Z,0.72,10,no,f16c9d92-5390-5209-f954-82c98fbcbd73
KXNBATOTAL-25NOV08DALWAS-221,2025-11-08T20:08:42.503288Z,0.71,1,no,cf6406bb-75e5-49eb-bf7e-3833484a98d3
KXNBATOTAL-25NOV08DALWAS-221,2025-11-08T13:24:19.112764Z,0.61,24,no,51c3800f-1f5c-6648-df16-3390cd9a8021
