ticker,created_time,price,count,taker_side,trade_id
KXNBATOTAL-25NOV08DALWAS-230,2025-11-09T02:30:11.851677Z,0.01,569,yes,d7edbfdd-b05c-5ca6-56b9-767f287a2648
KXNBATOTAL-25NOV08DALWAS-230,2025-11-09T02:29:36.572261Z,0.01,325,yes,38f03f76-1da8-4afe-89c6-d4299aa8b710
KXNBATOTAL-25NOV08DALWAS-230,2025-11-09T02:29:18.508451Z,0.01,56,yes,dc1bf63d-8dc0-6d5a-d7b2-9320ba4a0ad8
KXNBATOTAL-25NOV08DALWAS-230,2025-11-09T02:29:09.204529Z,0.01,312,yes,b10a5356-03b8-5e9a-3cb3-224992894528
KXNBATOTAL-25NOV08DALWAS-230,2025-11-09T02:29:09.204529Z,0.01,382,yes,85a4fbea-881a-58f2-130f-9681c54d1e70
KXNBATOTAL-25NOV08DALWAS-230,2025-11-09T02:28:55.881939Z,0.01,538,yes,fdc1f49c-d55e-6e66-663e-c8a8e2bb650c
KXNBATOTAL-25NOV08DALWAS-230,2025-11-09T02:28:43.12147Z,0.01,546,yes,8285f3c6-0872-46fa-ba3f-1d5fbd3c045c
KXNBATOTAL-25NOV08DALWAS-230,2025-11-09T02:28:42.711661Z,0.01,34,yes,60e3a44a-a59e-41fe-0dc9-d5981f283da0
KXNBATOTAL-25NOV08DALWAS-230,2025-11-09T02:27:27.842263Z,0.01,500,no,0b355533-df38-7e56-ea12-225469a655d4
KXNBATOTAL-25NOV08DALWAS-230,2025-11-09T02:23:08.866331Z,0.02,145,no,7b511ff2-c37d-5a24-c29c-1f1f24034cba
KXNBATOTAL-25NOV08DALWAS-230,2025-11-09T02:23:07.642452Z,0.04,300,no,5cac3d08-6de5-53ca-ff06-8358174e4322
KXNBATOTAL-25NOV08DALWAS-230,2025-11-09T02:23:05.193291Z,0.1,114,no,6cad82a2-a4a8-59ab-e854-ff91934f97b4
KXNBATOTAL-25NOV08DALWAS-230,2025-11-09T02:22:50.965852Z,0.1,31,no,9185e717-c2d0-4bdb-2dc5-6dc9003fb0dc
KXNBATOTAL-25NOV08DALWAS-230,2025-11-09T02:22:40.307734Z,0.1,55,no,25e9f60b-fec4-6d7f-ad1d-366dd332c8a4
KXNBATOTAL-25NOV08DALWAS-230,2025-11-09T02:21:39.118336Z,0.12,195,no,361cc192-2d71-57a8-f752-3256c64914c8
KXNBATOTAL-25NOV08DALWAS-230,2025-11-09T02:21:39.118336Z,0.12,343,no,03db75ab-9292-5a01-cfa1-cc0367286afe
KXNBATOTAL-25NOV08DALWAS-230,2025-11-09T02:20:18.069473Z,0.13,512,no,a5c4a013-8ec6-4fb5-9b77-2e13a7c5a9fe
KXNBATOTAL-25NOV08DALWAS-230,2025-11-09T02:20:18.069473Z,0.13,182,no,261f2df6-7e4d-4ce3-814d-990cb17cd8f2
KXNBATOTAL-25NOV08DALWAS-230,2025-11-09T02:18:03.444264Z,0.13,569,no,1377bab9-8d56-6122-4127-407ae15f2c66
KXNBATOTAL-25NOV08DALWAS-230,2025-11-09T02:15:44.068319Z,0.26,500,no,3f9b3ced-4c46-7779-c162-feea1c732b9d
KXNBATOTAL-25NOV08DALWAS-230,2025-11-09T02:14:49.270628Z,0.31,500,no,422678d8-4832-4803-8b3c-4933651e43b5
KXNBATOTAL-25NOV08DALWAS-230,2025-11-09T02:09:36.547725Z,0.12,5,no,ffb55d8a-3291-710c-73ff-d474fe86ad58
KXNBATOTAL-25NOV08DALWAS-230,2025-11-09T02:09:10.869903Z,0.17,1000,no,c7d84b7d-667b-4ab2-35bf-eeb77ab47ec8
KXNBATOTAL-25NOV08DALWAS-230,2025-11-09T02:09:10.869903Z,0.17,193,no,979af6e9-0925-4683-34d9-00fd21d68d96
KXNBATOTAL-25NOV08DALWAS-230,2025-11-09T02:07:51.278326Z,0.28,3,yes,30829aba-8ae6-637b-9eb2-4db0c093d895
KXNBATOTAL-25NOV08DALWAS-230,2025-11-09T02:07:10.638398Z,0.28,5,yes,7b681c0c-dd43-4040-7431-9317768f4053
KXNBATOTAL-25NOV08DALWAS-230,2025-11-09T01:59:27.63541Z,0.17,7,no,234237a4-1025-5f8b-c2cd-0b209b04b472
KXNBATOTAL-25NOV08DALWAS-230,2025-11-09T01:57:08.41907Z,0.18,325,no,51294494-91eb-4b2c-3517-46738a709d7c
KXNBATOTAL-25NOV08DALWAS-230,2025-11-09T01:56:39.457809Z,0.19,200,no,791f2d48-d730-658a-cc9a-c8925c9b035b
KXNBATOTAL-25NOV08DALWAS-230,2025-11-09T01:51:16.921655Z,0.24,164,no,05675468-b211-551b-0d6b-373c2f139eb4
KXNBATOTAL-25NOV08DALWAS-230,2025-11-09T01:50:27.848562Z,0.39,500,no,581ad72f-0d9a-56f5-cc6b-a4a716f0986c
KXNBATOTAL-25NOV08DALWAS-230,2025-11-09T01:48:43.339536Z,0.37,109,yes,91b07ddf-4acd-7c59-2002-a7ff1dea1d8f
KXNBATOTAL-25NOV08DALWAS-230,2025-11-09T01:47:57.19375Z,0.33,100,no,351f25cc-1e57-7126-4aa7-5264e56bb896
KXNBATOTAL-25NOV08DALWAS-230,2025-11-09T01:45:21.910374Z,0.3,34,no,42fdc7d6-3812-5da5-b261-ea7f55cf8a3b
KXNBATOTAL-25NOV08DALWAS-230,2025-11-09T01:41:10.687309Z,0.32,29,yes,c4e60726-edf2-5643-5bed-7ac0ab04e7fc
KXNBATOTAL-25NOV08DALWAS-230,2025-11-09T01:10:10.645014Z,0.29,34,no,b6376cc8-cf67-632c-2bbd-3b252ab48730
KXNBATOTAL-25NOV08DALWAS-230,2025-11-09T01:09:17.788718Z,0.31,35,no,58cb48fa-ea0c-721e-7abf-ee0e2495ec4b
KXNBATOTAL-25NOV08DALWAS-230,2025-11-09T01:08:48.447959Z,0.25,52,no,e3bd9360-858e-7347-2d13-0ee4811473ed
KXNBATOTAL-25NOV08DALWAS-230,2025-11-09T00:51:08.352648Z,0.58,100,yes,884e8e46-4416-4c0e-9d52-62552fd233ce
KXNBATOTAL-25NOV08DALWAS-230,2025-11-09T00:48:02.732116Z,0.56,500,yes,566f4a1b-9396-533b-0aa7-bd9dad3e90af
KXNBATOTAL-25NOV08DALWAS-230,2025-11-09T00:45:35.172008Z,0.57,11,no,01c195e5-6f9e-4d90-4e18-767ca90a5190
KXNBATOTAL-25NOV08DALWAS-230,2025-11-09T00:42:29.270139Z,0.54,32,yes,391fff6f-fca4-7e9a-3a29-46b31ebcf1bf
KXNBATOTAL-25NOV08DALWAS-230,2025-11-09T00:42:29.270139Z,0.55,144,yes,360ad178-7fb3-7a0d-1904-ed85188c7f45
KXNBATOTAL-25NOV08DALWAS-230,2025-11-09T00:40:19.039925Z,0.41,32,no,533a19d3-972f-5918-9a9c-f8f2b5a58741
KXNBATOTAL-25NOV08DALWAS-230,2025-11-09T00:08:31.631145Z,0.56,109,no,a0d23a7d-8a22-4903-4e2c-e48d8ee18f1b
KXNBATOTAL-25NOV08DALWAS-230,2025-11-09T00:04:26.545358Z,0.58,3282,yes,941d7734-e273-66db-b9cb-6e5ba9f6af2f
KXNBATOTAL-25NOV08DALWAS-230,2025-11-09T00:04:24.331691Z,0.56,56,no,dd95e3a7-d072-5cbf-ca04-53c7e331a1b3
KXNBATOTAL-25NOV08DALWAS-230,2025-11-09T00:04:17.026972Z,0.56,5,no,ea19cc51-c4b1-6dbf-a87d-8c3462a65ae0
KXNBATOTAL-25NOV08DALWAS-230,2025-11-09T00:04:17.026972Z,0.56,541,no,2581993c-ddf6-6577-a141-b9acf9e2ad57
KXNBATOTAL-25NOV08DALWAS-230,2025-11-08T23:55:04.329719Z,0.58,154,yes,855db5f6-3009-4881-6f17-d2842e90c3c0
KXNBATOTAL-25NOV08DALWAS-230,2025-11-08T23:55:04.329719Z,0.57,10,yes,66ee412c-c830-49e9-45c7-096361eede72
KXNBATOTAL-25NOV08DALWAS-230,2025-11-08T22:14:09.40264Z,0.55,5,no,91606de3-119b-592b-6c7c-a94d309e8c57
KXNBATOTAL-25NOV08DALWAS-230,2025-11-08T22:00:38.958863Z,0.56,10,no,ef2ddeae-6995-727d-1d9a-0467c60ede85
KXNBATOTAL-25NOV08DALWAS-230,2025-11-08T21:09:46.16195Z,0.55,21,no,6e7d3602-fe54-6a55-8f53-05d789ae715f
KXNBATOTAL-25NOV08DALWAS-230,2025-11-08T21:09:22.166363Z,0.58,167,yes,361432c3-c72c-4a65-e64f-305eb9fbb8e1
KXNBATOTAL-25NOV08DALWAS-230,2025-11-08T17:59:15.097358Z,0.53,9,yes,0e92d993-6253-6df5-3a23-2d8d303dcbad
KXNBATOTAL-25NOV08DALWAS-230,2025-11-08T17:42:29.709362Z,0.52,100,no,8d0c80de-15ee-4dcc-5b5b-09a51d8dc1a7
KXNBATOTAL-25NOV08DALWAS-230,2025-11-08T16:43:20.663114Z,0.49,34,no,3a156e36-1828-5cc2-e2c5-9acbde0d90cf
KXNBATOTAL-25NOV08DALWAS-230,2025-11-08T16:40:43.868552Z,0.49,9,no,5e8cf9f2-3bb8-6e22-7011-ca37ad6315f7
KXNBATOTAL-25NOV08DALWAS-230,2025-11-08T16:30:33.178517Z,0.49,37,no,a062ec4f-bd74-49d6-d807-5023303afc8b
KXNBATOTAL-25NOV08DALWAS-230,2025-11-08T16:22:53.580375Z,0.49,10,no,da6595b8-a4b0-5486-0187-dc79b9e8372b
KXNBATOTAL-25NOV08DALWAS-230,2025-11-08T16:21:31.331667Z,0.49,20,no,08ad38e4-479c-5c7e-b2eb-115fbc3e68bf
KXNBATOTAL-25NOV08DALWAS-230,2025-11-08T16:04:36.838794Z,0.49,284,no,3bab8067-1c3c-4702-1e00-bda58338f327
KXNBATOTAL-25NOV08DALWAS-230,2025-11-08T15:07:23.994629Z,0.48,186,no,bf1e4e52-f150-5d82-b625-a07cc4fc92f7
KXNBATOTAL-25NOV08DALWAS-230,2025-11-08T14:53:40.876399Z,0.48,186,no,0ce20583-ce20-7432-e4aa-7d813c0b151b
KXNBATOTAL-25NOV08DALWAS-230,2025-11-08T14:51:00.347795Z,0.48,372,no,8d80543d-8480-55fe-eb09-ad001b78d7d7
KXNBATOTAL-25NOV08DALWAS-230,2025-11-08T14:46:59.152086Z,0.49,19,yes,ec5a6a0a-49b6-4f34-0d88-27a946f29b8b
KXNBATOTAL-25NOV08DALWAS-230,2025-11-08T09:17:14.482383Z,0.49,1000,no,f670f5f7-cc5d-635b-4835-df7567c65290
