ticker,created_time,price,count,taker_side,trade_id
KXNBATOTAL-25NOV08INDDEN-228,2025-11-09T04:35:17.839123Z,0.01,1000,yes,96b3e484-302b-5f4f-cf85-25ba76ba26dd
KXNBATOTAL-25NOV08INDDEN-228,2025-11-09T04:34:22.001111Z,0.01,35,yes,ea3d5d36-1cd7-717f-ce6a-16197e36c2ed
KXNBATOTAL-25NOV08INDDEN-228,2025-11-09T04:33:29.244189Z,0.01,365,yes,f59b141a-970f-59b3-ce9a-7357a1222f7d
KXNBATOTAL-25NOV08INDDEN-228,2025-11-09T04:33:08.985611Z,0.01,500,no,b98b8c86-b436-765d-34e0-5b7ff4878a9c
KXNBATOTAL-25NOV08INDDEN-228,2025-11-09T04:33:06.21032Z,0.03,177,yes,8113f64e-bb29-7f0b-bb09-b774de228578
KXNBATOTAL-25NOV08INDDEN-228,2025-11-09T04:32:38.357042Z,0.02,500,no,4b519bdd-4461-5344-30b3-7a258569c66a
KXNBATOTAL-25NOV08INDDEN-228,2025-11-09T04:32:32.817204Z,0.03,748,no,5b9b68e8-cb8b-7410-0917-b2d86b259290
KXNBATOTAL-25NOV08INDDEN-228,2025-11-09T04:32:25.145892Z,0.03,102,no,fd745972-deb3-405c-f226-c67a713c8ad8
KXNBATOTAL-25NOV08INDDEN-228,2025-11-09T04:32:09.830651Z,0.03,150,no,89cf5a47-7a7f-5c20-ac88-33ad8dd10184
KXNBATOTAL-25NOV08INDDEN-228,2025-11-09T04:28:55.835537Z,0.09,676,no,8ea5b6db-69cb-7874-be11-6417bbda3c74
KXNBATOTAL-25NOV08INDDEN-228,2025-11-09T04:28:55.835537Z,0.1,817,no,1b320d3b-54a6-73db-b365-5f260e88f299
KXNBATOTAL-25NOV08INDDEN-228,2025-11-09T04:28:47.39832Z,0.11,10,no,86eea6d5-5fb2-77b7-99e3-fb85f7e690fd
KXNBATOTAL-25NOV08INDDEN-228,2025-11-09T04:26:46.489196Z,0.26,500,no,0dfd56c5-6611-43a6-9af8-a98c36969810
KXNBATOTAL-25NOV08INDDEN-228,2025-11-09T04:17:34.882654Z,0.3,27,no,dd4524f7-865b-51bc-19f2-ad5b374a2447
KXNBATOTAL-25NOV08INDDEN-228,2025-11-09T04:16:55.000439Z,0.3,177,no,2ee307b0-a471-7a76-e239-d925f6e8131a
KXNBATOTAL-25NOV08INDDEN-228,2025-11-09T04:15:17.005484Z,0.22,63,no,fe9e8836-2b9c-6245-3500-a4e7f3322ec4
KXNBATOTAL-25NOV08INDDEN-228,2025-11-09T04:15:04.570911Z,0.28,203,no,d00402c6-beaa-688f-452c-c720131adcdf
KXNBATOTAL-25NOV08INDDEN-228,2025-11-09T04:08:30.178418Z,0.43,114,no,3100d104-70f4-7527-6e96-1ae0864e1170
KXNBATOTAL-25NOV08INDDEN-228,2025-11-09T04:07:51.93149Z,0.74,100,yes,28eaf671-3c30-57ec-5eb4-270f89e96501
KXNBATOTAL-25NOV08INDDEN-228,2025-11-09T04:06:57.708987Z,0.47,360,no,c86f7f44-2518-66c6-9294-96cf11834fd6
KXNBATOTAL-25NOV08INDDEN-228,2025-11-09T04:06:57.708987Z,0.5,5,no,26a047c6-0e10-6a0a-9dd6-fbe6af5d4776
KXNBATOTAL-25NOV08INDDEN-228,2025-11-09T04:06:31.620414Z,0.53,71,yes,b4b476f8-82ee-5e02-69c7-d303514673d4
KXNBATOTAL-25NOV08INDDEN-228,2025-11-09T04:06:26.798538Z,0.52,500,yes,b3bfb130-ebe1-7c9b-44bd-c55b144167e4
KXNBATOTAL-25NOV08INDDEN-228,2025-11-09T04:06:08.359132Z,0.45,1000,no,c6a3105d-2841-5904-1f06-e7cb281496cb
KXNBATOTAL-25NOV08INDDEN-228,2025-11-09T04:06:08.359132Z,0.45,272,no,68d21449-cbf8-5480-3dcf-563c3ecb45c8
KXNBATOTAL-25NOV08INDDEN-228,2025-11-09T04:05:54.969645Z,0.55,155,yes,59f1de19-ebc7-48bb-84a5-d0e51f48d978
KXNBATOTAL-25NOV08INDDEN-228,2025-11-09T04:05:54.530254Z,0.47,861,no,3338bfae-a329-5827-71af-245a7783e601
KXNBATOTAL-25NOV08INDDEN-228,2025-11-09T04:05:54.530254Z,0.47,85,no,03d75cd4-e1e9-5af4-6085-ac98d2f10dd3
KXNBATOTAL-25NOV08INDDEN-228,2025-11-09T04:05:52.909874Z,0.55,10,yes,64c9fb3b-048b-7aa3-74b3-5b1acc9b757c
KXNBATOTAL-25NOV08INDDEN-228,2025-11-09T04:05:19.828575Z,0.55,50,no,b9af9f23-c8b8-4c76-bd5d-5668a108e478
KXNBATOTAL-25NOV08INDDEN-228,2025-11-09T04:05:19.828575Z,0.47,139,no,a520b788-e879-40bb-b5e7-f3ba80b6936d
KXNBATOTAL-25NOV08INDDEN-228,2025-11-09T04:04:59.765406Z,0.54,1000,no,cd6df128-82f0-7e69-f741-c1624e1c6eab
KXNBATOTAL-25NOV08INDDEN-228,2025-11-09T04:00:43.505675Z,0.77,500,yes,d8230158-a690-446f-0d19-72a6caa6922b
KXNBATOTAL-25NOV08INDDEN-228,2025-11-09T03:53:29.925503Z,0.6,35,no,ce49d6b4-5822-6fcf-2e1f-b78a200080d1
KXNBATOTAL-25NOV08INDDEN-228,2025-11-09T03:42:15.428285Z,0.69,500,yes,5b250a4b-5f4c-4cbd-a116-775b6715fa05
KXNBATOTAL-25NOV08INDDEN-228,2025-11-09T03:30:37.831643Z,0.44,500,no,b7dbfbf1-d224-415f-fee0-dfd60c24d63c
KXNBATOTAL-25NOV08INDDEN-228,2025-11-09T03:14:24.134963Z,0.42,213,yes,05b2f5b0-5007-7616-5740-e832cb0bef11
KXNBATOTAL-25NOV08INDDEN-228,2025-11-09T03:14:18.712164Z,0.41,500,yes,a16eda08-4bd8-7009-d4ee-53698ca4435a
KXNBATOTAL-25NOV08INDDEN-228,2025-11-09T03:14:11.358722Z,0.52,713,yes,9c4d35ff-be11-5d4b-3356-a6b2499317be
KXNBATOTAL-25NOV08INDDEN-228,2025-11-09T03:14:11.358722Z,0.4,500,yes,21395ef9-a7c5-5107-11b0-2bddb7e6d50c
KXNBATOTAL-25NOV08INDDEN-228,2025-11-09T03:13:15.108075Z,0.32,215,no,0cb2862d-4e0c-5f03-e576-e3dce5ab4898
KXNBATOTAL-25NOV08INDDEN-228,2025-11-09T03:13:03.074435Z,0.32,107,no,6ece80b5-fe84-6117-25e2-13f622805928
KXNBATOTAL-25NOV08INDDEN-228,2025-11-09T03:11:48.488867Z,0.36,500,yes,e38e9917-d0d8-5258-b231-9c294cac9bec
KXNBATOTAL-25NOV08INDDEN-228,2025-11-09T03:11:36.772959Z,0.32,115,no,cd780aeb-2efd-6419-4baf-6f791d182f7d
KXNBATOTAL-25NOV08INDDEN-228,2025-11-09T03:08:41.615735Z,0.31,55,no,df731658-da86-7132-6bde-2ff351c4ca21
KXNBATOTAL-25NOV08INDDEN-228,2025-11-09T02:40:47.86443Z,0.46,500,no,7a238ff8-9407-6a59-2250-5d698cadd49f
KXNBATOTAL-25NOV08INDDEN-228,2025-11-09T02:34:49.825351Z,0.45,466,no,8a7a9af9-d93f-5711-470a-7e239dcb1190
KXNBATOTAL-25NOV08INDDEN-228,2025-11-08T23:45:45.889863Z,0.53,4,no,30c81d66-e288-4cee-ab51-8fd6f6653647
KXNBATOTAL-25NOV08INDDEN-228,2025-11-08T16:16:15.533643Z,0.74,33,yes,c7899684-96fa-543c-9b0f-feff2b8818ba
