ticker,created_time,price,count,taker_side,trade_id
KXNBASPREAD-25NOV08PHXLAC-PHX8,2025-11-09T06:04:13.699269Z,0.99,25,no,efb6184c-a7b3-5a5a-ad22-cd4fcfa1e051
KXNBASPREAD-25NOV08PHXLAC-PHX8,2025-11-09T06:04:06.13395Z,0.99,77,no,94dcb920-5b2b-6f16-c5fd-786df2b1f9d1
KXNBASPREAD-25NOV08PHXLAC-PHX8,2025-11-09T06:04:02.029464Z,0.99,154,no,45098577-f2b3-5bfe-2c8c-c471d652ca69
KXNBASPREAD-25NOV08PHXLAC-PHX8,2025-11-09T06:03:46.294588Z,0.99,50,yes,de1d6023-ed97-51df-677e-7feb8b9eff47
KXNBASPREAD-25NOV08PHXLAC-PHX8,2025-11-09T06:03:46.294588Z,0.99,15,yes,0adcd02a-39c9-57a1-53ad-a337aae873f1
KXNBASPREAD-25NOV08PHXLAC-PHX8,2025-11-09T06:03:24.208734Z,0.99,100,yes,7c9b6a57-a465-494d-4940-4efdefb86fbd
KXNBASPREAD-25NOV08PHXLAC-PHX8,2025-11-09T06:02:59.741875Z,0.98,120,yes,8bba8851-31e6-70a6-e226-84ac38628f9e
KXNBASPREAD-25NOV08PHXLAC-PHX8,2025-11-09T06:02:59.741875Z,0.99,385,yes,38b8b94e-e601-7645-d70f-d6e69af06dd9
KXNBASPREAD-25NOV08PHXLAC-PHX8,2025-11-09T06:02:23.923351Z,0.8,20,yes,b949f2d5-4716-4ee1-7525-bb9eb87357f5
KXNBASPREAD-25NOV08PHXLAC-PHX8,2025-11-09T06:01:08.816471Z,0.63,77,yes,d7c32146-fec5-45cf-f090-dbf55ebe2df7
KXNBASPREAD-25NOV08PHXLAC-PHX8,2025-11-09T06:00:58.515742Z,0.63,154,yes,3c976503-e145-4687-a38d-ac50987013d3
KXNBASPREAD-25NOV08PHXLAC-PHX8,2025-11-09T06:00:57.988326Z,0.63,3,yes,10adbdd8-a1c5-50ab-70de-840a7fda51b7
KXNBASPREAD-25NOV08PHXLAC-PHX8,2025-11-09T06:00:37.630955Z,0.63,15,yes,99e00da9-d3d1-436f-3732-e9d6ecdfa12f
KXNBASPREAD-25NOV08PHXLAC-PHX8,2025-11-09T06:00:12.46808Z,0.62,500,yes,cf9015c4-1a59-4b69-2ac1-b2111257b78d
KXNBASPREAD-25NOV08PHXLAC-PHX8,2025-11-09T05:54:08.494036Z,0.26,500,no,3b450698-d072-5d01-1e09-40321e3be8f2
KXNBASPREAD-25NOV08PHXLAC-PHX8,2025-11-09T05:54:03.132239Z,0.36,132,yes,842a7943-9a4c-7872-029a-c07647bd1287
KXNBASPREAD-25NOV08PHXLAC-PHX8,2025-11-09T05:53:50.034398Z,0.36,199,yes,e6d38c63-624c-5d16-0a0a-98e2483d8433
KXNBASPREAD-25NOV08PHXLAC-PHX8,2025-11-09T05:53:29.085339Z,0.37,25,yes,f7584b82-442e-5384-8b57-d8b53e817948
KXNBASPREAD-25NOV08PHXLAC-PHX8,2025-11-09T05:50:41.631198Z,0.29,18,yes,8d524745-757f-5455-5622-a08325b6c844
KXNBASPREAD-25NOV08PHXLAC-PHX8,2025-11-09T05:49:54.432167Z,0.28,34,yes,6664d149-01ba-40e5-5187-683a7a558189
KXNBASPREAD-25NOV08PHXLAC-PHX8,2025-11-09T05:47:05.058019Z,0.1,187,no,e729e32c-aa4c-489a-fb41-2da7bd9b7a50
KXNBASPREAD-25NOV08PHXLAC-PHX8,2025-11-09T05:47:05.058019Z,0.12,1,no,aa3a1905-574c-4ad1-c6f4-67177393977c
KXNBASPREAD-25NOV08PHXLAC-PHX8,2025-11-09T05:47:05.058019Z,0.25,500,no,045010d2-c60f-4873-cda1-0e7703caabe0
KXNBASPREAD-25NOV08PHXLAC-PHX8,2025-11-09T05:45:59.175813Z,0.42,500,no,fd6f1741-b97a-71a3-4806-e9e1b51a4ea5
KXNBASPREAD-25NOV08PHXLAC-PHX8,2025-11-09T05:45:36.191354Z,0.41,247,no,530819a7-2400-691a-882d-8dbeebd8b704
KXNBASPREAD-25NOV08PHXLAC-PHX8,2025-11-09T05:43:40.370431Z,0.47,19,yes,6eda831a-4dac-48ad-22ad-1f5a67de4492
KXNBASPREAD-25NOV08PHXLAC-PHX8,2025-11-09T05:43:16.626861Z,0.53,12,yes,aeff7489-c7d9-6280-55fd-8d6b108bd5b8
KXNBASPREAD-25NOV08PHXLAC-PHX8,2025-11-09T05:43:00.639545Z,0.47,9,no,71a5b4d3-8e15-52df-b545-00ddb37c93e7
KXNBASPREAD-25NOV08PHXLAC-PHX8,2025-11-09T05:41:48.866064Z,0.45,1,yes,934546d4-3561-50cf-fb57-0060d95b9802
KXNBASPREAD-25NOV08PHXLAC-PHX8,2025-11-09T05:41:18.327507Z,0.41,55,no,98526228-fe28-70bd-2a72-933a941afa32
KXNBASPREAD-25NOV08PHXLAC-PHX8,2025-11-09T05:40:35.201671Z,0.41,18,no,314c474e-25b4-6861-d04d-c0b98b3714a2
KXNBASPREAD-25NOV08PHXLAC-PHX8,2025-11-09T05:40:15.256266Z,0.45,9,yes,7334ea27-9919-469f-6912-081d39127a76
KXNBASPREAD-25NOV08PHXLAC-PHX8,2025-11-09T05:36:13.15599Z,0.25,500,no,c826658c-993a-7103-334a-439801fa6b52
KXNBASPREAD-25NOV08PHXLAC-PHX8,2025-11-09T05:35:12.596982Z,0.34,70,yes,550c47e9-15b3-70b5-fa17-d391ab5191ab
KXNBASPREAD-25NOV08PHXLAC-PHX8,2025-11-09T05:34:49.869954Z,0.23,98,no,2e222657-b258-5e22-0f35-bc4d079d018a
KXNBASPREAD-25NOV08PHXLAC-PHX8,2025-11-09T05:34:34.774115Z,0.23,19,no,930f407d-69d0-5ae2-d092-10b7222029f2
KXNBASPREAD-25NOV08PHXLAC-PHX8,2025-11-09T05:33:51.023845Z,0.32,223,yes,043392f7-5306-7ce4-e2f6-23bbdd04f4af
KXNBASPREAD-25NOV08PHXLAC-PHX8,2025-11-09T05:33:45.211126Z,0.19,24,no,e46c1d3d-1e29-424a-75b5-feb439c43eee
KXNBASPREAD-25NOV08PHXLAC-PHX8,2025-11-09T05:23:45.818445Z,0.39,40,yes,5081f7ff-7c32-43de-7854-d4fdd969f4d5
KXNBASPREAD-25NOV08PHXLAC-PHX8,2025-11-09T05:20:03.111296Z,0.43,6,yes,9cc97896-a3fb-5de1-b516-27e35ab89fad
KXNBASPREAD-25NOV08PHXLAC-PHX8,2025-11-09T05:19:38.32114Z,0.42,500,yes,b4e9338f-0aca-6158-776b-0edd625eb98b
KXNBASPREAD-25NOV08PHXLAC-PHX8,2025-11-09T05:16:47.875093Z,0.5,56,yes,18e98ffe-bd59-4508-d61a-a9d181f340ef
KXNBASPREAD-25NOV08PHXLAC-PHX8,2025-11-09T05:16:30.164783Z,0.45,500,yes,5e502633-7fa4-7f8c-7fdf-0ba49144242a
KXNBASPREAD-25NOV08PHXLAC-PHX8,2025-11-09T05:15:19.588498Z,0.44,21,yes,a2491efd-499f-496f-cdfe-d2cf419675ea
KXNBASPREAD-25NOV08PHXLAC-PHX8,2025-11-09T05:12:31.330292Z,0.49,19,yes,4854fa0e-2e59-6b4e-24af-aaa16af5647f
KXNBASPREAD-25NOV08PHXLAC-PHX8,2025-11-09T05:12:08.893162Z,0.49,13,yes,6c3097f0-ad93-6645-ece4-19a409ac5774
KXNBASPREAD-25NOV08PHXLAC-PHX8,2025-11-09T05:07:12.586384Z,0.34,430,no,9dcaf474-e97b-4e96-a58f-83260fd55e5c
KXNBASPREAD-25NOV08PHXLAC-PHX8,2025-11-09T05:07:02.057999Z,0.36,315,no,b28912e9-41dd-5a62-58df-528f8405d034
KXNBASPREAD-25NOV08PHXLAC-PHX8,2025-11-09T05:06:52.210744Z,0.37,500,no,b87a3ae8-d635-43fd-4fd7-a624a84278c6
KXNBASPREAD-25NOV08PHXLAC-PHX8,2025-11-09T05:06:49.745485Z,0.45,130,yes,9c592ecd-e5a0-586a-ded2-735523da0920
KXNBASPREAD-25NOV08PHXLAC-PHX8,2025-11-09T05:06:24.013287Z,0.36,5,no,b897efe2-2642-7f2f-d356-4fd6bb2c20b5
KXNBASPREAD-25NOV08PHXLAC-PHX8,2025-11-09T05:06:24.013287Z,0.38,500,no,7ea7ac5d-9add-7c2e-f818-c72552a29b0b
KXNBASPREAD-25NOV08PHXLAC-PHX8,2025-11-09T05:06:24.013287Z,0.26,815,no,7d1e88cf-260c-7263-e371-110bf48593d1
KXNBASPREAD-25NOV08PHXLAC-PHX8,2025-11-09T05:04:49.0432Z,0.46,10,yes,3ef8dc8c-a919-6a26-b082-a13f7ed1ff9e
KXNBASPREAD-25NOV08PHXLAC-PHX8,2025-11-09T05:03:42.518128Z,0.61,318,yes,100a90cf-0fff-683e-a943-392a0fd8aa77
KXNBASPREAD-25NOV08PHXLAC-PHX8,2025-11-09T05:03:36.730719Z,0.56,210,no,9da4b4e9-2ebe-6fa7-aaf0-5229471fd5f2
KXNBASPREAD-25NOV08PHXLAC-PHX8,2025-11-09T05:03:36.232499Z,0.61,500,yes,6fd980bf-66ca-746c-6639-aceb0e82c497
KXNBASPREAD-25NOV08PHXLAC-PHX8,2025-11-09T05:03:36.232499Z,0.73,318,yes,2b4b8f9e-2603-7790-7d42-46ad3298cec3
KXNBASPREAD-25NOV08PHXLAC-PHX8,2025-11-09T05:03:29.442308Z,0.44,210,no,9f046c0c-2b8b-5ff9-dc83-7ed654a83dd3
KXNBASPREAD-25NOV08PHXLAC-PHX8,2025-11-09T05:03:29.442308Z,0.56,500,no,3b1bc009-dad0-5150-efed-984f1b42a4f3
KXNBASPREAD-25NOV08PHXLAC-PHX8,2025-11-09T05:03:12.292786Z,0.6,64,yes,daa623cd-547f-5947-a22e-d0b80e31f19d
KXNBASPREAD-25NOV08PHXLAC-PHX8,2025-11-09T05:03:01.532466Z,0.6,16,yes,281b8724-2f33-7357-96ee-de325bf1822d
KXNBASPREAD-25NOV08PHXLAC-PHX8,2025-11-09T05:02:50.011023Z,0.6,16,yes,63263e70-94e3-5ce3-53ec-0ba7ee8c7cbd
KXNBASPREAD-25NOV08PHXLAC-PHX8,2025-11-09T04:59:44.678028Z,0.56,17,yes,8d9a6251-717b-5c8b-45cb-9f75806766c8
KXNBASPREAD-25NOV08PHXLAC-PHX8,2025-11-09T04:58:08.347593Z,0.5,283,no,75928be5-e3af-5b4c-ba1a-e8124237fe00
KXNBASPREAD-25NOV08PHXLAC-PHX8,2025-11-09T04:56:43.015703Z,0.46,461,yes,c5e63573-e23f-4496-0aa1-ae6d3ee9cb89
KXNBASPREAD-25NOV08PHXLAC-PHX8,2025-11-09T04:56:01.425357Z,0.47,42,no,ddaba0cc-de9c-4b41-cead-7dc770b3def9
KXNBASPREAD-25NOV08PHXLAC-PHX8,2025-11-09T04:54:53.060193Z,0.43,170,no,9d8a1874-0a0b-56cd-69bd-30fc9ce03964
KXNBASPREAD-25NOV08PHXLAC-PHX8,2025-11-09T04:53:40.836986Z,0.49,19,yes,454c7838-79ae-799f-0342-235cc01e9d3b
KXNBASPREAD-25NOV08PHXLAC-PHX8,2025-11-09T04:51:03.111124Z,0.49,197,yes,d087dcda-f1e4-5ff4-4e24-f7f0153ff753
KXNBASPREAD-25NOV08PHXLAC-PHX8,2025-11-09T04:47:52.222318Z,0.49,1,yes,56035271-e260-6314-9db3-e6776e9868df
KXNBASPREAD-25NOV08PHXLAC-PHX8,2025-11-09T04:47:34.286999Z,0.49,1,yes,bd3166be-47bb-68ca-3451-747dc9be2821
KXNBASPREAD-25NOV08PHXLAC-PHX8,2025-11-09T04:45:49.837161Z,0.44,16,no,d8f3b2a1-e57e-7902-94a5-704f6b0d504e
KXNBASPREAD-25NOV08PHXLAC-PHX8,2025-11-09T04:45:42.911566Z,0.49,83,yes,746cea7c-893b-75b6-c60e-67b7cff28341
KXNBASPREAD-25NOV08PHXLAC-PHX8,2025-11-09T04:45:07.505093Z,0.6,83,yes,de452ef1-790a-5b03-799c-0d4b76acd32e
KXNBASPREAD-25NOV08PHXLAC-PHX8,2025-11-09T04:45:07.505093Z,0.48,460,yes,a876e48b-e467-553c-5b6e-0ba1e7b4f487
KXNBASPREAD-25NOV08PHXLAC-PHX8,2025-11-09T04:45:07.505093Z,0.48,40,yes,53195c11-eba4-51e5-7127-c33386723b0e
KXNBASPREAD-25NOV08PHXLAC-PHX8,2025-11-09T04:44:53.02455Z,0.48,40,yes,c77f4358-d58b-43c8-b0bb-5c0a92ddd78f
KXNBASPREAD-25NOV08PHXLAC-PHX8,2025-11-09T04:41:08.457415Z,0.48,20,yes,d08f5af1-6f01-7166-924b-12035c901b01
KXNBASPREAD-25NOV08PHXLAC-PHX8,2025-11-09T04:40:13.061516Z,0.44,500,yes,9eed06a6-b167-55cd-c9da-850807e66c84
KXNBASPREAD-25NOV08PHXLAC-PHX8,2025-11-09T04:38:48.236524Z,0.41,500,yes,467e16c9-d73b-56df-27d2-b90b79e54907
KXNBASPREAD-25NOV08PHXLAC-PHX8,2025-11-09T04:38:12.826779Z,0.51,5,yes,32d4c01a-0fda-6d0a-0fa7-fd2709412a9f
KXNBASPREAD-25NOV08PHXLAC-PHX8,2025-11-09T04:21:57.719347Z,0.27,2,yes,5739fb5a-fb05-7954-9dcd-059e7be3c8e3
KXNBASPREAD-25NOV08PHXLAC-PHX8,2025-11-09T04:19:39.901113Z,0.12,9,no,fb329843-3904-451d-792c-20eb049dc198
KXNBASPREAD-25NOV08PHXLAC-PHX8,2025-11-09T04:14:22.681298Z,0.4,23,yes,14b40d96-6768-6ab5-ff46-16e2e728c21c
KXNBASPREAD-25NOV08PHXLAC-PHX8,2025-11-09T03:47:17.916657Z,0.19,1,yes,dac9522b-3f11-6b3f-a589-2123875759ff
KXNBASPREAD-25NOV08PHXLAC-PHX8,2025-11-09T00:39:51.756267Z,0.19,9,yes,124f3ab0-39a1-5d8b-48f9-98a95987c14f
