ticker,created_time,price,count,taker_side,trade_id
KXNBASPREAD-25NOV05PHICLE-CLE13,2025-11-06T02:37:20.47961Z,0.01,935,yes,af400374-f08f-776d-164b-69d32e36fb55
KXNBASPREAD-25NOV05PHICLE-CLE13,2025-11-06T02:37:08.072992Z,0.01,64,yes,a1938609-f81f-7719-0ce0-20226c7c6529
KXNBASPREAD-25NOV05PHICLE-CLE13,2025-11-06T02:36:25.696965Z,0.01,93,yes,244dc793-bc5f-75e9-7237-dc55191528f9
KXNBASPREAD-25NOV05PHICLE-CLE13,2025-11-06T02:36:25.663889Z,0.01,560,yes,ce2ae0ce-adaf-411d-60e5-be4b1475d795
KXNBASPREAD-25NOV05PHICLE-CLE13,2025-11-06T02:35:40.306473Z,0.01,21,yes,2818e797-14c3-4135-d0b8-6b3150239fa9
KXNBASPREAD-25NOV05PHICLE-CLE13,2025-11-06T02:35:11.218475Z,0.01,1035,yes,21434eac-6e7f-6411-539f-4d425e42f0f9
KXNBASPREAD-25NOV05PHICLE-CLE13,2025-11-06T02:34:41.510358Z,0.01,500,no,e64aba07-9b2b-6ed0-dbf2-00c360a5b823
KXNBASPREAD-25NOV05PHICLE-CLE13,2025-11-06T02:34:41.510358Z,0.11,200,no,e5c4bd9c-bb1c-6161-e9f2-30da4f46a5d2
KXNBASPREAD-25NOV05PHICLE-CLE13,2025-11-06T02:34:41.510358Z,0.06,300,no,db23e1a5-1317-6f90-daae-1fbe5b3013f5
KXNBASPREAD-25NOV05PHICLE-CLE13,2025-11-06T02:33:30.939065Z,0.49,24,yes,5b198108-b328-46de-6995-ba5977e243de
KXNBASPREAD-25NOV05PHICLE-CLE13,2025-11-06T02:32:52.610595Z,0.49,3,yes,405f1822-57c8-48a6-ecbf-ebac95455bd2
KXNBASPREAD-25NOV05PHICLE-CLE13,2025-11-06T02:30:50.226073Z,0.2,500,no,e7129316-895b-6df8-034a-a8fdf15da702
KXNBASPREAD-25NOV05PHICLE-CLE13,2025-11-06T02:30:50.226073Z,0.19,200,no,25d032d2-7451-6863-1c34-f8c8b7a73326
KXNBASPREAD-25NOV05PHICLE-CLE13,2025-11-06T02:30:04.44551Z,0.46,78,no,9fd20890-dac8-79d2-fe4f-37e5d6911be7
KXNBASPREAD-25NOV05PHICLE-CLE13,2025-11-06T02:29:43.805948Z,0.47,26,no,96b9f44e-6e99-6822-6edb-ee0ed1863f55
KXNBASPREAD-25NOV05PHICLE-CLE13,2025-11-06T02:29:43.805948Z,0.46,422,no,628b614e-d700-6d8e-64d4-50bfa755152f
KXNBASPREAD-25NOV05PHICLE-CLE13,2025-11-06T02:28:55.606647Z,0.51,56,yes,fe40c705-58ba-6680-8409-b9c773128f4f
KXNBASPREAD-25NOV05PHICLE-CLE13,2025-11-06T02:28:37.006017Z,0.51,18,yes,f0cc6229-01be-5abc-7748-9c6e1aa4bc4b
KXNBASPREAD-25NOV05PHICLE-CLE13,2025-11-06T02:28:10.536701Z,0.88,26,yes,3b521e43-ab48-6ca9-0379-c5b1b99fe2c1
KXNBASPREAD-25NOV05PHICLE-CLE13,2025-11-06T02:26:31.728598Z,0.73,494,yes,1a83996e-e47f-6d35-1667-03be1f3d1c0d
KXNBASPREAD-25NOV05PHICLE-CLE13,2025-11-06T02:25:43.321796Z,0.78,31,yes,a8b626e3-a454-7461-22ef-f20ea54c50b0
KXNBASPREAD-25NOV05PHICLE-CLE13,2025-11-06T02:25:34.041281Z,0.73,13,yes,c5e73bad-a1bd-6970-4c1a-2230d5a266cb
KXNBASPREAD-25NOV05PHICLE-CLE13,2025-11-06T02:25:25.237003Z,0.58,500,yes,57b68889-f82d-50a4-3baf-877320ca2284
KXNBASPREAD-25NOV05PHICLE-CLE13,2025-11-06T02:23:17.584173Z,0.8,54,yes,76075337-3d9e-58cd-5262-111a2726042a
KXNBASPREAD-25NOV05PHICLE-CLE13,2025-11-06T02:15:03.466553Z,0.89,22,yes,a7c5beb8-b1e6-77c6-7e37-56665551f9bc
KXNBASPREAD-25NOV05PHICLE-CLE13,2025-11-06T02:12:02.398321Z,0.89,11,yes,e64e1dca-1baa-77d2-1dc9-25929aba9d50
KXNBASPREAD-25NOV05PHICLE-CLE13,2025-11-06T02:11:54.51916Z,0.89,7,yes,64c214d5-db1e-5476-14be-e64ae5fa1700
KXNBASPREAD-25NOV05PHICLE-CLE13,2025-11-06T02:04:58.266251Z,0.84,5,yes,fc2124dc-4f96-6503-d66d-448c7f849dee
KXNBASPREAD-25NOV05PHICLE-CLE13,2025-11-06T02:04:58.266251Z,0.84,200,yes,de0fdb9b-1490-6c3e-e32f-a9aa941ba547
KXNBASPREAD-25NOV05PHICLE-CLE13,2025-11-06T02:00:27.90689Z,0.76,187,yes,70d9a7e3-91de-6f03-bdb9-84034338877b
KXNBASPREAD-25NOV05PHICLE-CLE13,2025-11-06T01:58:26.814598Z,0.76,13,yes,ebdda7d8-3302-5c9b-a8e3-b84f2cb26513
KXNBASPREAD-25NOV05PHICLE-CLE13,2025-11-06T01:58:26.814598Z,0.73,200,yes,ac0f5c00-1d30-5e19-ada9-0637cbd48751
KXNBASPREAD-25NOV05PHICLE-CLE13,2025-11-06T01:57:02.192291Z,0.56,10,no,e18d35aa-d2e3-4349-625e-44b9d473f930
KXNBASPREAD-25NOV05PHICLE-CLE13,2025-11-06T01:56:47.67816Z,0.56,10,no,adadc454-3867-5d9d-667f-2626f7b15c94
KXNBASPREAD-25NOV05PHICLE-CLE13,2025-11-06T01:55:38.257012Z,0.55,213,no,b6b33a16-0e89-73d2-a095-a33db2a004f7
KXNBASPREAD-25NOV05PHICLE-CLE13,2025-11-06T01:54:56.559806Z,0.56,39,no,d54fb067-cdd7-5400-eb1a-e7147a98e82e
KXNBASPREAD-25NOV05PHICLE-CLE13,2025-11-06T01:49:23.024359Z,0.37,9,no,4487b939-d8e0-7fad-d177-4aea5cf56444
KXNBASPREAD-25NOV05PHICLE-CLE13,2025-11-06T01:47:02.301934Z,0.47,12,no,5e681c8c-6ccc-6c43-64a2-a1348e816e72
KXNBASPREAD-25NOV05PHICLE-CLE13,2025-11-06T01:46:12.235873Z,0.47,21,no,889d42ef-77b9-512f-329d-0ec5f38f9173
KXNBASPREAD-25NOV05PHICLE-CLE13,2025-11-06T01:39:59.478581Z,0.4,81,no,735f2af7-0510-59d6-aba6-b59dcb724276
KXNBASPREAD-25NOV05PHICLE-CLE13,2025-11-06T01:26:54.369235Z,0.37,2,yes,8c61b3aa-908b-59db-10dd-3dd65e4f6989
KXNBASPREAD-25NOV05PHICLE-CLE13,2025-11-06T01:15:35.030546Z,0.4,500,no,3d4f068c-b0ee-5439-f651-bce7275d4ff2
KXNBASPREAD-25NOV05PHICLE-CLE13,2025-11-06T01:15:10.927007Z,0.49,120,yes,98f52849-bce0-4c95-810a-8a82cab4f6e2
KXNBASPREAD-25NOV05PHICLE-CLE13,2025-11-06T01:14:23.344129Z,0.45,500,yes,f0ee681d-4fbd-4d5a-913d-0a65ffed7bed
KXNBASPREAD-25NOV05PHICLE-CLE13,2025-11-06T01:13:59.58277Z,0.43,500,yes,867fbba5-5a54-553e-95d5-5eedc8a75fc3
KXNBASPREAD-25NOV05PHICLE-CLE13,2025-11-06T01:12:21.322591Z,0.41,500,yes,c8b096ca-bb77-74e5-a624-8f95fcf4d212
KXNBASPREAD-25NOV05PHICLE-CLE13,2025-11-06T01:11:47.768276Z,0.36,16,no,ace585a8-ccf9-4834-86bc-aacc41f8f9d7
KXNBASPREAD-25NOV05PHICLE-CLE13,2025-11-06T01:10:41.89986Z,0.38,26,no,35f30ff4-76e5-5ac4-ed21-168bc334588f
KXNBASPREAD-25NOV05PHICLE-CLE13,2025-11-06T01:07:20.03535Z,0.47,9,no,349bee0d-fef3-689b-5473-0cd8a364d2ef
KXNBASPREAD-25NOV05PHICLE-CLE13,2025-11-06T01:04:52.120226Z,0.49,500,yes,42bbc591-86cd-639c-ab4a-ce707baf32a7
KXNBASPREAD-25NOV05PHICLE-CLE13,2025-11-06T01:04:04.132646Z,0.48,500,yes,f06ad758-6b24-6c63-b701-3d1d6537d804
KXNBASPREAD-25NOV05PHICLE-CLE13,2025-11-06T01:03:25.437934Z,0.48,500,yes,170d5684-6c93-4fd6-4095-476987787a9d
KXNBASPREAD-25NOV05PHICLE-CLE13,2025-11-06T01:02:15.508698Z,0.44,2,no,f7206e85-9b19-5293-0e68-b20af767f6cc
KXNBASPREAD-25NOV05PHICLE-CLE13,2025-11-06T01:02:15.508698Z,0.51,7,no,787bbcfa-1d5c-51a1-324e-567ed73f68cf
KXNBASPREAD-25NOV05PHICLE-CLE13,2025-11-06T00:58:25.318069Z,0.5,61,no,f873340e-e9bc-4695-4eba-1111a8db074f
KXNBASPREAD-25NOV05PHICLE-CLE13,2025-11-06T00:58:19.220282Z,0.51,189,yes,610191c4-58e0-64c2-7e59-570c08af6251
KXNBASPREAD-25NOV05PHICLE-CLE13,2025-11-06T00:58:10.009896Z,0.5,193,no,0ea9dcdf-1104-7ea5-04a0-9416ee84723b
KXNBASPREAD-25NOV05PHICLE-CLE13,2025-11-06T00:57:20.435977Z,0.46,10,yes,5b78acea-41c8-7398-6601-df5745e43f08
KXNBASPREAD-25NOV05PHICLE-CLE13,2025-11-06T00:57:11.938405Z,0.45,10,no,4a55e355-e013-536d-110f-57e03f321ee5
KXNBASPREAD-25NOV05PHICLE-CLE13,2025-11-06T00:56:37.370148Z,0.46,8,no,ae491343-7026-73d5-3130-5ead0905c2d6
KXNBASPREAD-25NOV05PHICLE-CLE13,2025-11-06T00:54:11.974821Z,0.53,500,yes,ea539132-51b5-714d-93d9-c8b23d4ce4d7
KXNBASPREAD-25NOV05PHICLE-CLE13,2025-11-06T00:51:58.057336Z,0.54,62,no,32f3d977-392f-5147-3dc3-1ada9dfed8b9
KXNBASPREAD-25NOV05PHICLE-CLE13,2025-11-06T00:34:59.450739Z,0.65,15,yes,47fe78d8-aced-5f3e-8df5-65f7e05d1c8c
KXNBASPREAD-25NOV05PHICLE-CLE13,2025-11-06T00:31:30.581399Z,0.58,45,no,6f3bf225-833d-7338-fc00-d22c410e4eb1
KXNBASPREAD-25NOV05PHICLE-CLE13,2025-11-06T00:31:19.660527Z,0.58,45,no,46a0bc17-bd4d-5f2c-c30d-ae2ab84ea259
KXNBASPREAD-25NOV05PHICLE-CLE13,2025-11-06T00:30:55.173705Z,0.6,7,no,2d0686c8-6943-5e1d-de8d-d3d124c84f26
KXNBASPREAD-25NOV05PHICLE-CLE13,2025-11-06T00:29:45.660777Z,0.65,45,yes,e73fa9bf-f7c1-6e66-e587-68c5d403e620
KXNBASPREAD-25NOV05PHICLE-CLE13,2025-11-06T00:24:19.919534Z,0.52,2,no,7a9689b1-c522-7271-3282-5354fa650132
KXNBASPREAD-25NOV05PHICLE-CLE13,2025-11-06T00:23:34.991407Z,0.52,10,no,e0ca6202-3776-4e16-fe54-d6af9c04eb07
KXNBASPREAD-25NOV05PHICLE-CLE13,2025-11-06T00:22:49.868898Z,0.51,21,no,e8d26457-944f-610c-c25f-74352e848182
KXNBASPREAD-25NOV05PHICLE-CLE13,2025-11-06T00:21:16.444833Z,0.56,1,yes,01e8fe5b-fae7-4135-9649-9ef3637bc1d7
KXNBASPREAD-25NOV05PHICLE-CLE13,2025-11-06T00:15:07.330948Z,0.52,201,no,e41fd355-c06c-4fb6-a9a8-7091de09981f
KXNBASPREAD-25NOV05PHICLE-CLE13,2025-11-06T00:14:44.565992Z,0.49,73,no,2725d6b9-f591-636f-df04-d212b3021d9a
KXNBASPREAD-25NOV05PHICLE-CLE13,2025-11-06T00:14:44.565992Z,0.5,312,no,059c1ab3-d983-6b2f-e750-e41901127302
KXNBASPREAD-25NOV05PHICLE-CLE13,2025-11-06T00:13:59.997121Z,0.5,100,yes,38f7b35b-06a4-7b62-ec2c-5902b6e059c7
KXNBASPREAD-25NOV05PHICLE-CLE13,2025-11-06T00:12:45.265569Z,0.45,477,yes,2a9cbd7e-1a67-6c51-a52e-c705efa7f8ad
KXNBASPREAD-25NOV05PHICLE-CLE13,2025-11-06T00:08:17.146152Z,0.45,23,yes,d3c2183d-6d0b-4979-fbf5-012ecd543c79
KXNBASPREAD-25NOV05PHICLE-CLE13,2025-11-06T00:05:27.380448Z,0.42,1674,no,31a07f61-97c3-5a59-42a9-316344e63bab
KXNBASPREAD-25NOV05PHICLE-CLE13,2025-11-05T23:58:27.60765Z,0.42,49,no,218c28f0-34c7-4f59-5b99-e260b8a8804f
KXNBASPREAD-25NOV05PHICLE-CLE13,2025-11-05T23:54:41.132838Z,0.42,1,no,52dca35b-9334-706a-1eb0-d43088f628f5
KXNBASPREAD-25NOV05PHICLE-CLE13,2025-11-05T23:46:33.964005Z,0.41,494,no,9350263b-901b-6320-f706-04d262fb04c9
KXNBASPREAD-25NOV05PHICLE-CLE13,2025-11-05T23:40:05.285568Z,0.41,363,no,0d1a5d4c-d907-69fc-51b7-98baf56fb65d
KXNBASPREAD-25NOV05PHICLE-CLE13,2025-11-05T23:30:12.381303Z,0.41,30,no,cc58d731-6b72-44f8-3849-a9532b75f55f
KXNBASPREAD-25NOV05PHICLE-CLE13,2025-11-05T23:24:42.792695Z,0.43,447,yes,1c8f50b8-4d47-563a-7a3e-6445fad718ea
KXNBASPREAD-25NOV05PHICLE-CLE13,2025-11-05T23:06:17.355972Z,0.41,16,no,058c7522-a3d9-4b80-33c8-9d3710384b8b
KXNBASPREAD-25NOV05PHICLE-CLE13,2025-11-05T22:54:34.10091Z,0.4,261,no,6658a8fd-76f4-4c42-17e1-5f712842d087
KXNBASPREAD-25NOV05PHICLE-CLE13,2025-11-05T22:42:14.155385Z,0.4,8,no,4440f94d-bfec-7982-8377-6e73faa309aa
KXNBASPREAD-25NOV05PHICLE-CLE13,2025-11-05T22:37:27.294011Z,0.4,45,no,6272b66e-79f4-5f46-e85d-6fb5ed8a67a6
KXNBASPREAD-25NOV05PHICLE-CLE13,2025-11-05T22:34:30.188679Z,0.4,64,no,f6885431-e300-61ce-85d6-ef2a4e041926
KXNBASPREAD-25NOV05PHICLE-CLE13,2025-11-05T22:14:08.049327Z,0.37,4,no,067368a5-02f8-4297-6fdd-9d99fe9455ea
KXNBASPREAD-25NOV05PHICLE-CLE13,2025-11-05T21:43:58.271834Z,0.4,11,yes,7df5f695-a297-66c5-5c71-d259c5ac5790
KXNBASPREAD-25NOV05PHICLE-CLE13,2025-11-05T19:51:45.569384Z,0.32,14,no,be50154d-f834-4f60-b66f-2afbe66c8d17
KXNBASPREAD-25NOV05PHICLE-CLE13,2025-11-05T19:41:51.155271Z,0.38,1035,no,b703e1ed-6e68-4abb-7b2a-04f3db3f19e9
KXNBASPREAD-25NOV05PHICLE-CLE13,2025-11-05T18:32:14.434112Z,0.38,75,no,9e1866ff-65ad-4c82-d7dc-233c45bcf19c
KXNBASPREAD-25NOV05PHICLE-CLE13,2025-11-05T18:04:41.38277Z,0.37,154,no,382da8f2-4dd6-796c-0fd4-5311194ae032
KXNBASPREAD-25NOV05PHICLE-CLE13,2025-11-05T13:36:51.330072Z,0.36,152,no,8b3af5bd-cac9-7e86-1201-78889943ac6b
KXNBASPREAD-25NOV05PHICLE-CLE13,2025-11-05T13:35:16.756031Z,0.36,304,no,0bd7a3e1-d645-5062-98a4-7c138a69f19f
