ticker,created_time,price,count,taker_side,trade_id
KXNBATOTAL-25NOV05UTADET-230,2025-11-06T02:27:04.817913Z,0.01,53,yes,e90a9b23-a237-52b7-f408-5aad30ce459f
KXNBATOTAL-25NOV05UTADET-230,2025-11-06T02:26:46.835586Z,0.01,14,yes,fec4514e-8d97-6433-47b6-37eb2ed133ef
KXNBATOTAL-25NOV05UTADET-230,2025-11-06T02:25:42.677431Z,0.01,21,yes,91009752-91c3-7c27-140f-534dcbefd71f
KXNBATOTAL-25NOV05UTADET-230,2025-11-06T02:22:56.470404Z,0.01,469,no,0ff10cab-16f1-611c-5c25-935eaf334eff
KXNBATOTAL-25NOV05UTADET-230,2025-11-06T01:54:23.679699Z,0.01,13,no,45b2ddeb-aa3d-68c8-7765-2f2a3e7545db
KXNBATOTAL-25NOV05UTADET-230,2025-11-06T01:51:46.679735Z,0.03,10,no,dd5d80a4-e311-5727-97b6-8bb9752d5da9
KXNBATOTAL-25NOV05UTADET-230,2025-11-06T01:51:46.679735Z,0.02,417,no,05e0168b-e51b-519f-9e8f-03aaf3228da8
KXNBATOTAL-25NOV05UTADET-230,2025-11-06T01:49:47.039091Z,0.02,3,no,eaf6a062-a843-79d7-2eeb-83cf2b77f0c0
KXNBATOTAL-25NOV05UTADET-230,2025-11-06T01:46:04.990459Z,0.01,18,no,426e66db-7f31-42bc-1788-cba5b93f0123
KXNBATOTAL-25NOV05UTADET-230,2025-11-06T01:46:04.990459Z,0.13,93,no,34d2e186-1a08-4863-23ab-5d95e1e7fb1e
KXNBATOTAL-25NOV05UTADET-230,2025-11-06T01:45:32.561683Z,0.13,100,no,9b6ee4f1-dc3c-588f-b93c-67c7584e3efe
KXNBATOTAL-25NOV05UTADET-230,2025-11-06T01:45:30.391519Z,0.13,100,no,95e7ae13-ebd8-6bf7-f71e-fba2aace802a
KXNBATOTAL-25NOV05UTADET-230,2025-11-06T01:45:13.72531Z,0.13,100,no,c2525707-55b0-5653-7950-26474db48342
KXNBATOTAL-25NOV05UTADET-230,2025-11-06T01:45:09.996405Z,0.14,10,no,bafe6377-022c-7832-6a23-09d2af5706f7
KXNBATOTAL-25NOV05UTADET-230,2025-11-06T01:45:09.996405Z,0.13,90,no,85c36240-a96c-79bf-6474-afef5165faa2
KXNBATOTAL-25NOV05UTADET-230,2025-11-06T01:36:03.970727Z,0.13,17,no,efe4714b-cb44-5a2b-6314-7193cef7c9da
KXNBATOTAL-25NOV05UTADET-230,2025-11-06T01:25:20.829765Z,0.41,500,no,a56e3a64-91e4-4664-9bc1-729b85174d02
KXNBATOTAL-25NOV05UTADET-230,2025-11-06T01:24:28.866793Z,0.4,10,no,f8c6e820-237a-4657-bbe8-0a60c36bbc4c
KXNBATOTAL-25NOV05UTADET-230,2025-11-06T01:24:28.866793Z,0.4,10,no,08766733-b39c-4cc7-8b67-71dee9da45bc
KXNBATOTAL-25NOV05UTADET-230,2025-11-06T01:09:55.943976Z,0.46,10,yes,7509e4bc-4153-7fa5-661b-2a85165f5a7c
KXNBATOTAL-25NOV05UTADET-230,2025-11-06T01:08:33.804252Z,0.45,427,yes,ad07ba4e-9c8d-62e2-ea9c-c231fbbe63d5
KXNBATOTAL-25NOV05UTADET-230,2025-11-06T01:06:54.68698Z,0.53,13,yes,8a863a7b-1927-701e-d017-9fa4012ca60c
KXNBATOTAL-25NOV05UTADET-230,2025-11-06T01:01:32.284147Z,0.4,24,no,1b4d7f58-46df-6d2b-7d41-8d3a8ba815ea
KXNBATOTAL-25NOV05UTADET-230,2025-11-06T01:01:32.284147Z,0.4,300,no,0ea9e48d-368f-663c-458b-915db40d328c
KXNBATOTAL-25NOV05UTADET-230,2025-11-06T01:00:25.640018Z,0.46,6,no,b421cb48-571e-5cb9-eef1-c54ceadcb14b
KXNBATOTAL-25NOV05UTADET-230,2025-11-06T00:57:19.782423Z,0.51,108,no,97c30c9c-c5c9-57e6-fa5e-e98e940e9395
KXNBATOTAL-25NOV05UTADET-230,2025-11-06T00:45:56.274716Z,0.64,62,no,90c53cc4-3012-56ca-86c2-845c397ca971
KXNBATOTAL-25NOV05UTADET-230,2025-11-06T00:45:56.267893Z,0.64,438,no,f1f14c7c-2282-780a-aa7a-7ce4c27a1a15
KXNBATOTAL-25NOV05UTADET-230,2025-11-06T00:44:19.416214Z,0.66,37,yes,ea31ce43-a9e3-6494-ff60-785070313d89
KXNBATOTAL-25NOV05UTADET-230,2025-11-06T00:40:40.027299Z,0.61,2,yes,21ec10e8-1f4a-5932-eb16-2e3c8f3fdd5b
KXNBATOTAL-25NOV05UTADET-230,2025-11-06T00:35:07.22082Z,0.55,352,yes,7c486238-9ca1-64c6-9de8-cd474f761341
KXNBATOTAL-25NOV05UTADET-230,2025-11-06T00:30:56.839175Z,0.49,37,no,29d519ae-1a4d-4a0a-63a5-c5309eceb230
KXNBATOTAL-25NOV05UTADET-230,2025-11-06T00:30:07.2468Z,0.5,10,no,5986b2ca-f864-6e5f-bab2-ffcd6794b7be
KXNBATOTAL-25NOV05UTADET-230,2025-11-06T00:29:21.864172Z,0.51,9,yes,e48cada3-439f-7266-8c67-21c3b6f8c2ac
KXNBATOTAL-25NOV05UTADET-230,2025-11-06T00:25:54.182493Z,0.41,41,no,b7a8250d-036d-7cd1-de14-25b49996ed5f
KXNBATOTAL-25NOV05UTADET-230,2025-11-06T00:25:04.283423Z,0.46,1000,no,6492403a-cae7-4d63-010c-35f2f686e703
KXNBATOTAL-25NOV05UTADET-230,2025-11-06T00:24:37.337864Z,0.48,87,no,f6fc8a31-d04f-4802-6fb0-e9676ebc288a
KXNBATOTAL-25NOV05UTADET-230,2025-11-06T00:23:36.312638Z,0.51,15,yes,419cbb80-115f-7524-3c79-b6392cb7eb02
KXNBATOTAL-25NOV05UTADET-230,2025-11-06T00:22:48.241717Z,0.49,44,no,e6f8527f-6ae7-76fa-2163-7c745a81b566
KXNBATOTAL-25NOV05UTADET-230,2025-11-06T00:22:48.241717Z,0.5,3,no,88c86983-cd6b-730e-29c5-afa848c8f29d
KXNBATOTAL-25NOV05UTADET-230,2025-11-06T00:21:53.758271Z,0.51,9,yes,030d6531-3718-4177-4b0e-4d2edd712735
KXNBATOTAL-25NOV05UTADET-230,2025-11-06T00:14:45.795895Z,0.66,100,yes,ce7934d2-ddb0-64d7-4a9d-1ff5f72c760f
KXNBATOTAL-25NOV05UTADET-230,2025-11-06T00:14:09.422475Z,0.59,91,no,6e00603c-8c57-6248-698d-4785d14b7c3d
KXNBATOTAL-25NOV05UTADET-230,2025-11-06T00:13:09.790887Z,0.56,43,no,4b6add1f-5048-6800-35f1-d22936c68976
KXNBATOTAL-25NOV05UTADET-230,2025-11-06T00:04:41.196874Z,0.57,8,yes,eb948b38-5abd-62e7-734d-35a9819ded67
KXNBATOTAL-25NOV05UTADET-230,2025-11-06T00:01:58.975121Z,0.57,3,yes,3857aee9-0b5d-7bef-ba25-b5def084afeb
KXNBATOTAL-25NOV05UTADET-230,2025-11-06T00:00:54.343183Z,0.55,53,no,f8dbfb36-4a10-7a8c-761b-68625aa0bc9a
KXNBATOTAL-25NOV05UTADET-230,2025-11-05T23:58:39.34441Z,0.56,10,no,d5903fee-983e-6551-9ec1-77c5326b0a0e
KXNBATOTAL-25NOV05UTADET-230,2025-11-05T23:42:18.923687Z,0.56,21,no,3530bca0-791a-720d-2fcb-0a51637dade6
KXNBATOTAL-25NOV05UTADET-230,2025-11-05T23:42:03.966685Z,0.57,1,yes,4af1f078-2f85-6ea6-38ad-6dbea90b8df1
KXNBATOTAL-25NOV05UTADET-230,2025-11-05T23:38:41.256071Z,0.57,25,yes,e5ab5044-27c5-75a5-f81a-4d2da0913cfb
KXNBATOTAL-25NOV05UTADET-230,2025-11-05T23:38:41.256071Z,0.57,36,yes,4d0c08d2-f4e5-754a-fabf-42d2e008fd5d
KXNBATOTAL-25NOV05UTADET-230,2025-11-05T23:38:41.256071Z,0.57,8,yes,3c1d9708-3fc5-72e4-fa5a-c67df52f0934
KXNBATOTAL-25NOV05UTADET-230,2025-11-05T23:38:31.064549Z,0.56,218,no,1f7d5fbd-90e6-4209-a8f1-cd0b46a105ee
KXNBATOTAL-25NOV05UTADET-230,2025-11-05T23:35:55.213483Z,0.57,27,yes,c0fbca67-0ead-63e0-ebc2-208a6f0c8160
KXNBATOTAL-25NOV05UTADET-230,2025-11-05T23:35:55.213483Z,0.57,15,yes,0ab26933-1384-6868-df8e-48859404d13a
KXNBATOTAL-25NOV05UTADET-230,2025-11-05T23:15:35.845298Z,0.56,36,yes,32d3f1a7-1ab0-4b82-c1be-55047a8cd006
KXNBATOTAL-25NOV05UTADET-230,2025-11-05T23:13:40.59424Z,0.55,21,no,8f9f5174-283c-71ec-861c-9b7423557362
KXNBATOTAL-25NOV05UTADET-230,2025-11-05T23:02:29.365224Z,0.55,10,no,bbe51a19-10cc-5490-7136-0ace599d7002
KXNBATOTAL-25NOV05UTADET-230,2025-11-05T22:44:09.894653Z,0.55,10,no,8ab0afd8-5804-7fdc-f214-9e2c45a4ddae
KXNBATOTAL-25NOV05UTADET-230,2025-11-05T22:43:29.752256Z,0.56,8,yes,f5bc4779-dbbc-65d6-2fe1-7e05b79a3256
KXNBATOTAL-25NOV05UTADET-230,2025-11-05T22:33:52.690599Z,0.55,87,no,5b6fb293-f700-4454-9060-e478a50abac6
KXNBATOTAL-25NOV05UTADET-230,2025-11-05T22:33:52.690599Z,0.56,20,no,3851f50e-6b20-49bc-9e42-39d93814eabc
KXNBATOTAL-25NOV05UTADET-230,2025-11-05T22:23:56.976901Z,0.57,150,yes,514f9629-e3bd-5426-daf3-71cd518bd7c1
KXNBATOTAL-25NOV05UTADET-230,2025-11-05T21:56:47.074635Z,0.57,17,yes,1ec06730-8121-7a56-5d9d-40057448dafd
KXNBATOTAL-25NOV05UTADET-230,2025-11-05T20:06:30.686424Z,0.57,20,yes,282f5ce9-4fb2-7760-044e-37a53ad0659d
KXNBATOTAL-25NOV05UTADET-230,2025-11-05T20:06:30.686424Z,0.58,13,yes,08835c10-70d3-7c40-11ce-bbaad0cb2998
KXNBATOTAL-25NOV05UTADET-230,2025-11-05T19:06:02.316823Z,0.55,3,yes,54bad178-0cc7-52be-b472-035588e3d682
KXNBATOTAL-25NOV05UTADET-230,2025-11-05T16:54:04.428128Z,0.54,10,no,c111819a-3c2e-7330-0ed4-65fe61a633fc
KXNBATOTAL-25NOV05UTADET-230,2025-11-05T16:38:04.159989Z,0.53,2,no,e6843c6d-ae1f-4215-f8da-a70b073f8755
KXNBATOTAL-25NOV05UTADET-230,2025-11-05T16:37:48.814249Z,0.55,26,yes,1c540715-5b33-5a22-3f05-20693b4323bb
KXNBATOTAL-25NOV05UTADET-230,2025-11-05T14:51:25.80677Z,0.55,17,yes,eb25a255-7737-7d55-f67a-cd2a70c3f7cb
KXNBATOTAL-25NOV05UTADET-230,2025-11-05T14:01:19.828899Z,0.53,410,no,2a408255-8261-47d6-4df1-3c886de7b450
KXNBATOTAL-25NOV05UTADET-230,2025-11-05T07:31:58.481514Z,0.47,365,no,3bc0b8b2-79e6-44fa-82f3-9a98a1d02a92
KXNBATOTAL-25NOV05UTADET-230,2025-11-05T07:30:32.699448Z,0.47,213,no,fd10744d-e23b-6dbe-b479-973489e7946f
KXNBATOTAL-25NOV05UTADET-230,2025-11-05T05:54:21.648899Z,0.49,2,no,5f238e5e-a142-5a83-38c9-d4915a8501ea
