ticker,created_time,price,count,taker_side,trade_id
KXNBATOTAL-25NOV08DALWAS-224,2025-11-09T02:29:10.113139Z,0.01,235,yes,538c6388-d11d-59ce-6a8f-bf6d33c7e143
KXNBATOTAL-25NOV08DALWAS-224,2025-11-09T02:29:10.113139Z,0.01,305,yes,1b00ffa8-294f-5245-75ac-32ec53c299a7
KXNBATOTAL-25NOV08DALWAS-224,2025-11-09T02:24:12.696731Z,0.01,500,no,eda1a975-0194-6d0c-38b1-cd2ff4aa075c
KXNBATOTAL-25NOV08DALWAS-224,2025-11-09T02:24:12.696731Z,0.01,684,no,ed035e30-4d92-6bb7-041f-e5822bba272a
KXNBATOTAL-25NOV08DALWAS-224,2025-11-09T02:24:12.696731Z,0.03,511,no,d22815d6-7ad9-65c2-0cff-1058b5a572b8
KXNBATOTAL-25NOV08DALWAS-224,2025-11-09T02:23:48.49012Z,0.03,39,no,a1ae8288-f01d-6d0e-4204-2bfa63fffe44
KXNBATOTAL-25NOV08DALWAS-224,2025-11-09T02:23:25.292877Z,0.03,158,no,cfa3b6d3-06e1-610e-dc18-37adb77a16a0
KXNBATOTAL-25NOV08DALWAS-224,2025-11-09T02:22:39.928085Z,0.03,48,no,67ef149f-9ab9-532a-705d-24aa846ea264
KXNBATOTAL-25NOV08DALWAS-224,2025-11-09T02:18:15.321588Z,0.03,244,no,d5e87aca-f35d-5f6a-a6f8-d0b3a7ac7d60
KXNBATOTAL-25NOV08DALWAS-224,2025-11-09T02:17:46.236192Z,0.28,9,no,c9438c0c-3b0d-4f12-b5e0-2c7761d715b4
KXNBATOTAL-25NOV08DALWAS-224,2025-11-09T02:17:30.188517Z,0.28,540,no,d9571ea3-c91d-741e-bc5c-3473b4ec936c
KXNBATOTAL-25NOV08DALWAS-224,2025-11-09T02:16:29.160092Z,0.47,67,yes,33978319-0db1-62be-f8ef-ee591e767586
KXNBATOTAL-25NOV08DALWAS-224,2025-11-09T02:16:10.554698Z,0.48,500,yes,476f60bb-eb78-5e06-7171-7967981dc59d
KXNBATOTAL-25NOV08DALWAS-224,2025-11-09T02:16:10.554698Z,0.47,500,yes,097716e2-1bd6-585e-7d47-90c73ac2d4a6
KXNBATOTAL-25NOV08DALWAS-224,2025-11-09T02:15:43.993727Z,0.61,301,no,c45cc586-4b73-5255-9cd4-2d751917b82b
KXNBATOTAL-25NOV08DALWAS-224,2025-11-09T02:15:43.993727Z,0.6,500,no,a859f794-195c-5dfe-9422-2aa568476cbe
KXNBATOTAL-25NOV08DALWAS-224,2025-11-09T02:15:28.835623Z,0.56,500,yes,d04853db-de5e-4fb6-c04f-9882425eb6c4
KXNBATOTAL-25NOV08DALWAS-224,2025-11-09T02:14:49.198407Z,0.62,500,no,1e1fb3a5-ade4-48bf-6151-9007fe549be1
KXNBATOTAL-25NOV08DALWAS-224,2025-11-09T02:12:59.841151Z,0.57,500,yes,ce81b735-79e1-6df9-35b0-9ee6ec39913a
KXNBATOTAL-25NOV08DALWAS-224,2025-11-09T02:12:59.841151Z,0.62,301,yes,07c8297e-6def-6d39-3b63-1ea32b0234f1
KXNBATOTAL-25NOV08DALWAS-224,2025-11-09T02:12:59.841151Z,0.6,24,yes,059d3bc4-4375-6226-26e0-e9beb717d7da
KXNBATOTAL-25NOV08DALWAS-224,2025-11-09T02:11:51.83839Z,0.46,244,yes,ba89c5a6-fcfe-56f1-56a1-212bab924806
KXNBATOTAL-25NOV08DALWAS-224,2025-11-09T02:11:01.737519Z,0.43,500,no,d891683f-917b-6f37-1e87-8d1e5a8bbd1d
KXNBATOTAL-25NOV08DALWAS-224,2025-11-09T02:10:44.013856Z,0.36,500,yes,85502739-91eb-4c98-9a27-80bfe8da6138
KXNBATOTAL-25NOV08DALWAS-224,2025-11-09T02:08:49.306022Z,0.35,500,yes,120becbf-d0a1-6240-57f3-e5de78b96053
KXNBATOTAL-25NOV08DALWAS-224,2025-11-09T02:08:07.526044Z,0.42,500,no,670fb212-c78a-5b70-42b9-93ca1f472df0
KXNBATOTAL-25NOV08DALWAS-224,2025-11-09T02:07:45.540866Z,0.47,20,yes,376f15b0-2b8b-520c-fc19-a24570ec99c6
KXNBATOTAL-25NOV08DALWAS-224,2025-11-09T02:04:17.790355Z,0.39,39,yes,ef0abb55-4cf1-64ce-f69c-ad3a9c8274b4
KXNBATOTAL-25NOV08DALWAS-224,2025-11-09T02:04:13.525948Z,0.38,500,yes,b350b0ed-2123-56f6-40ce-af2c2bce716c
KXNBATOTAL-25NOV08DALWAS-224,2025-11-09T02:04:09.421009Z,0.43,500,no,fb341434-6f1c-7617-0cc5-bef7dcfbf6bc
KXNBATOTAL-25NOV08DALWAS-224,2025-11-09T02:02:15.906383Z,0.56,173,yes,48ea6f36-acb8-6af2-1cdb-4497ff239595
KXNBATOTAL-25NOV08DALWAS-224,2025-11-09T02:00:01.642839Z,0.55,176,yes,9f1ea18e-27c0-7370-1114-847df0ba4c4e
KXNBATOTAL-25NOV08DALWAS-224,2025-11-09T01:59:43.831243Z,0.54,17,yes,b92e7308-8b7a-7f68-ceea-ce033f5eb2d0
KXNBATOTAL-25NOV08DALWAS-224,2025-11-09T01:59:25.945151Z,0.43,500,yes,d23c65af-d89a-70a6-2d3b-1d63250a0efc
KXNBATOTAL-25NOV08DALWAS-224,2025-11-09T01:59:05.31357Z,0.63,110,yes,b896fcae-6963-667c-8537-5259287f088a
KXNBATOTAL-25NOV08DALWAS-224,2025-11-09T01:59:05.31357Z,0.6,500,yes,56ac2165-9968-65f4-98b8-a634269d667c
KXNBATOTAL-25NOV08DALWAS-224,2025-11-09T01:58:39.524314Z,0.47,182,no,768d6e3f-9849-54dc-d9d2-4751ac965f1d
KXNBATOTAL-25NOV08DALWAS-224,2025-11-09T01:56:39.402142Z,0.39,500,no,d008ba59-8352-6342-6a2e-6ec42232f852
KXNBATOTAL-25NOV08DALWAS-224,2025-11-09T01:56:22.651836Z,0.43,500,no,4ef7c20b-3692-6fb5-80b7-c9849c01a9d0
KXNBATOTAL-25NOV08DALWAS-224,2025-11-09T01:52:29.896426Z,0.48,12,yes,3cc7fb34-cca9-74f4-7925-d45de24831a7
KXNBATOTAL-25NOV08DALWAS-224,2025-11-09T01:50:28.206674Z,0.59,500,no,9620a7ad-7b5f-6cd3-c6b1-40c8f1c0aecc
KXNBATOTAL-25NOV08DALWAS-224,2025-11-09T01:48:25.809571Z,0.55,236,yes,63454c1b-b8f7-509b-b9ba-066a103ce08c
KXNBATOTAL-25NOV08DALWAS-224,2025-11-09T01:15:22.322643Z,0.48,40,yes,491517ee-d8c1-5c4f-2884-d6759e6f7b92
KXNBATOTAL-25NOV08DALWAS-224,2025-11-09T01:13:15.191231Z,0.52,164,yes,843f3393-621a-730e-a29c-d7b2be05492f
KXNBATOTAL-25NOV08DALWAS-224,2025-11-09T01:09:30.442511Z,0.48,464,yes,9ed25d93-4d4b-42c0-253a-fdfbc9a4272f
KXNBATOTAL-25NOV08DALWAS-224,2025-11-09T01:09:20.652982Z,0.5,48,yes,6693d8e1-78d3-6a7b-883c-65d301fafd3e
KXNBATOTAL-25NOV08DALWAS-224,2025-11-09T01:07:44.099979Z,0.45,5,no,9cc2ab81-02a6-5cec-19c5-c813d0e09ab1
KXNBATOTAL-25NOV08DALWAS-224,2025-11-09T01:06:55.849614Z,0.52,27,yes,fc33e97b-79c4-557a-4bb7-dfc23aef95bc
KXNBATOTAL-25NOV08DALWAS-224,2025-11-09T01:06:27.824149Z,0.52,10,no,5ceee5ff-c623-55a0-90bb-651791b08001
KXNBATOTAL-25NOV08DALWAS-224,2025-11-09T01:05:03.98942Z,0.55,158,yes,cf3dc3c8-ecd2-6403-e271-4a1d2f8b3d7e
KXNBATOTAL-25NOV08DALWAS-224,2025-11-09T01:04:48.220872Z,0.56,43,yes,2b050514-93ae-4c8c-5293-abc832f68d1a
KXNBATOTAL-25NOV08DALWAS-224,2025-11-09T00:43:58.398754Z,0.69,10,yes,be72aeb1-8f72-562d-a1b5-3c4e2a1d358a
KXNBATOTAL-25NOV08DALWAS-224,2025-11-09T00:34:50.149177Z,0.59,39,yes,30f6a434-caef-6469-07d4-18901565f4ce
KXNBATOTAL-25NOV08DALWAS-224,2025-11-09T00:12:37.385014Z,0.67,9,no,1357f76b-b98f-579f-3d24-3860358ee374
KXNBATOTAL-25NOV08DALWAS-224,2025-11-08T22:41:08.91768Z,0.67,1,no,e1fe4a74-83cb-6ea7-137c-edcf668af0b8
KXNBATOTAL-25NOV08DALWAS-224,2025-11-08T16:35:52.980659Z,0.62,51,yes,1762efa9-2b1d-6de7-443b-58e653c7a07d
