ticker,created_time,price,count,taker_side,trade_id
KXNBASPREAD-25NOV08LALATL-LAL3,2025-11-09T02:42:22.318304Z,0.01,53,yes,10871fbf-0a26-773a-380c-b2b0f70aadc7
KXNBASPREAD-25NOV08LALATL-LAL3,2025-11-09T02:38:45.040759Z,0.01,975,yes,6b481e1f-6ae6-6126-68e1-2a3ef1c7afc7
KXNBASPREAD-25NOV08LALATL-LAL3,2025-11-09T02:30:26.696582Z,0.26,18,yes,2b45399a-7ade-738b-b11a-e3ee3ab0bde7
KXNBASPREAD-25NOV08LALATL-LAL3,2025-11-09T02:24:38.445324Z,0.19,500,yes,d9547f59-f722-6d89-389c-766d2a6a4ae3
KXNBASPREAD-25NOV08LALATL-LAL3,2025-11-09T02:24:01.243058Z,0.18,50,yes,f0cdd7e5-9c51-535a-be01-66ce3d7d2341
KXNBASPREAD-25NOV08LALATL-LAL3,2025-11-09T02:03:12.753405Z,0.25,500,yes,a8f9a10d-50c7-658f-4ea8-1f3e0676a136
KXNBASPREAD-25NOV08LALATL-LAL3,2025-11-09T02:02:57.043483Z,0.22,500,yes,8a9df7ac-08cb-749e-5eef-5aacb11aa2b9
KXNBASPREAD-25NOV08LALATL-LAL3,2025-11-09T02:02:11.175174Z,0.19,131,no,e8507407-9ca2-7082-007a-a427ed05a201
KXNBASPREAD-25NOV08LALATL-LAL3,2025-11-09T02:02:11.175174Z,0.11,200,no,a44be03b-4c46-7660-264e-d382e1c26cc6
KXNBASPREAD-25NOV08LALATL-LAL3,2025-11-09T02:02:11.175174Z,0.13,2000,no,93e3c50b-4507-7984-0572-173274f82ece
KXNBASPREAD-25NOV08LALATL-LAL3,2025-11-09T02:02:11.175174Z,0.25,280,no,857c7b74-4123-7fe5-2d77-7b742ca30669
KXNBASPREAD-25NOV08LALATL-LAL3,2025-11-09T02:02:11.175174Z,0.01,500,no,7826e735-1745-77e4-20c0-f70925ab8542
KXNBASPREAD-25NOV08LALATL-LAL3,2025-11-09T02:02:11.175174Z,0.06,300,no,5d9b1b96-b6f2-77ad-1d5d-a635063affe2
KXNBASPREAD-25NOV08LALATL-LAL3,2025-11-09T02:02:11.175174Z,0.19,1000,no,13a9761f-b130-7aa9-3b4e-303ad98b14c0
KXNBASPREAD-25NOV08LALATL-LAL3,2025-11-09T01:54:49.69008Z,0.25,20,no,75dbf6d8-493f-7f49-72be-8a003acaa7a5
KXNBASPREAD-25NOV08LALATL-LAL3,2025-11-09T01:54:49.69008Z,0.26,10,no,74994326-4af0-720f-55ca-34ee927d4f2c
KXNBASPREAD-25NOV08LALATL-LAL3,2025-11-09T01:35:18.379773Z,0.73,6,yes,4e517573-5af6-58f2-64ff-481396739da5
KXNBASPREAD-25NOV08LALATL-LAL3,2025-11-09T01:28:43.153832Z,0.73,62,yes,658f6207-9272-5642-06aa-0a297405e411
KXNBASPREAD-25NOV08LALATL-LAL3,2025-11-09T01:28:43.153832Z,0.6,5,yes,313d7882-a46f-5c91-0c1b-340a4303ceb7
KXNBASPREAD-25NOV08LALATL-LAL3,2025-11-09T01:23:42.030362Z,0.19,12,no,86f51029-a3ca-523e-056a-70e1c209f975
KXNBASPREAD-25NOV08LALATL-LAL3,2025-11-09T01:15:12.520558Z,0.48,5,no,4c727b46-ab21-5f3f-9eab-3c57ecf5103a
KXNBASPREAD-25NOV08LALATL-LAL3,2025-11-09T01:15:12.520558Z,0.19,57,no,41e9698b-40b6-5e6a-970a-e3cbd822a1a1
KXNBASPREAD-25NOV08LALATL-LAL3,2025-11-09T01:15:03.54726Z,0.5,350,no,588014a1-4da4-650e-c0ae-bb15dc574a5f
KXNBASPREAD-25NOV08LALATL-LAL3,2025-11-09T01:13:50.597766Z,0.52,200,no,b4cb6787-89cc-4c4d-e3f2-e26c54a4ad9b
KXNBASPREAD-25NOV08LALATL-LAL3,2025-11-09T01:11:54.195488Z,0.57,233,no,320c5ca0-494d-44b6-ada5-af9be9b01d98
KXNBASPREAD-25NOV08LALATL-LAL3,2025-11-09T01:11:54.195488Z,0.57,175,no,2f81bcea-d7fe-42ed-b545-71d22df1898b
KXNBASPREAD-25NOV08LALATL-LAL3,2025-11-09T01:09:33.654594Z,0.58,252,yes,c4757d06-0018-47be-232d-67898337905c
KXNBASPREAD-25NOV08LALATL-LAL3,2025-11-09T01:09:00.782529Z,0.58,499,yes,bcfa8f32-2488-7e62-23fb-06e2c0de1640
KXNBASPREAD-25NOV08LALATL-LAL3,2025-11-09T01:03:23.669623Z,0.59,329,yes,0bc409ad-a6ad-63fc-9321-3844ae6e44ee
KXNBASPREAD-25NOV08LALATL-LAL3,2025-11-09T01:01:43.880947Z,0.59,1745,yes,66c39a72-9455-6688-18d3-d9436eadffd6
KXNBASPREAD-25NOV08LALATL-LAL3,2025-11-09T01:01:22.23362Z,0.59,16,yes,1c5a7c3e-7579-649c-6390-cdeab7c0dd62
KXNBASPREAD-25NOV08LALATL-LAL3,2025-11-09T01:00:07.89332Z,0.59,30,yes,89364139-f261-7804-4759-0d6fd7bcc816
KXNBASPREAD-25NOV08LALATL-LAL3,2025-11-09T00:59:02.482487Z,0.58,16,yes,a553a966-f46a-434b-76c5-3661c5f22d43
KXNBASPREAD-25NOV08LALATL-LAL3,2025-11-09T00:58:26.686588Z,0.58,83,yes,4556957d-8142-5513-accd-92270ffd11f7
KXNBASPREAD-25NOV08LALATL-LAL3,2025-11-09T00:58:24.521407Z,0.58,167,yes,47c72194-7c12-4ad7-b87d-bb980931f02f
KXNBASPREAD-25NOV08LALATL-LAL3,2025-11-09T00:56:02.777677Z,0.58,47,yes,8bf45fe6-1ae6-5bdf-83bb-fad99160bcd3
KXNBASPREAD-25NOV08LALATL-LAL3,2025-11-09T00:55:17.423855Z,0.58,11,yes,009e9386-b5be-5b53-632b-81434b7ceb6f
KXNBASPREAD-25NOV08LALATL-LAL3,2025-11-09T00:55:03.773945Z,0.58,41,yes,1d9254e9-af46-51ef-672f-511803b9b45f
KXNBASPREAD-25NOV08LALATL-LAL3,2025-11-09T00:55:00.146011Z,0.58,28,yes,daf74d9a-056e-6ab7-de43-2a368be3a3a7
KXNBASPREAD-25NOV08LALATL-LAL3,2025-11-09T00:53:26.49633Z,0.58,226,yes,7843d363-8716-41c7-8058-cdba2b9c6cf7
KXNBASPREAD-25NOV08LALATL-LAL3,2025-11-09T00:53:26.49633Z,0.58,25,yes,762d09c4-d217-4ad9-8df9-c04d4e428af4
KXNBASPREAD-25NOV08LALATL-LAL3,2025-11-09T00:50:00.214552Z,0.58,25,yes,c73506a1-abfb-6c5d-3fe2-d191e1e61c6c
KXNBASPREAD-25NOV08LALATL-LAL3,2025-11-09T00:46:05.268398Z,0.58,5,yes,b94b529d-0629-4d84-d43d-7ed9b585573b
KXNBASPREAD-25NOV08LALATL-LAL3,2025-11-09T00:40:03.804532Z,0.58,35,yes,89dea518-4569-703c-34a3-7918b64c27df
KXNBASPREAD-25NOV08LALATL-LAL3,2025-11-09T00:37:20.928756Z,0.58,41,yes,10afe010-7ddd-636c-f6c6-1f8192552247
KXNBASPREAD-25NOV08LALATL-LAL3,2025-11-09T00:32:32.545547Z,0.58,5,yes,75eaae6d-6349-4cb0-d7c0-bf3c092269db
KXNBASPREAD-25NOV08LALATL-LAL3,2025-11-09T00:29:18.310514Z,0.58,33,yes,3352f03f-4f69-6648-f31d-ed71887e2bb7
KXNBASPREAD-25NOV08LALATL-LAL3,2025-11-09T00:27:45.537429Z,0.58,20,yes,a9350a71-f9b5-6c6c-2f9d-c1f777fb3f23
KXNBASPREAD-25NOV08LALATL-LAL3,2025-11-09T00:27:27.038653Z,0.58,34,yes,6356e7ac-3d21-7b38-1fcc-a1e68f16db5f
KXNBASPREAD-25NOV08LALATL-LAL3,2025-11-09T00:25:58.44205Z,0.58,16,yes,a4a971d5-a015-5a14-a017-9bc1765758ab
KXNBASPREAD-25NOV08LALATL-LAL3,2025-11-09T00:24:11.241192Z,0.58,78,yes,7e454455-b849-6ff8-66d8-edd172aa7d43
KXNBASPREAD-25NOV08LALATL-LAL3,2025-11-09T00:21:22.52604Z,0.58,403,yes,c1c2c6fb-d609-66a8-8cf0-0d9b6f2897ff
KXNBASPREAD-25NOV08LALATL-LAL3,2025-11-09T00:19:42.112379Z,0.58,352,yes,539a7537-d5d5-5e70-261c-58108c89c763
KXNBASPREAD-25NOV08LALATL-LAL3,2025-11-09T00:19:06.392203Z,0.58,15,yes,e0303afd-61b1-638c-3f1f-bce0d882bed3
KXNBASPREAD-25NOV08LALATL-LAL3,2025-11-09T00:18:28.489761Z,0.58,521,yes,5f179b81-538d-7a10-aa99-d626e6298c6b
KXNBASPREAD-25NOV08LALATL-LAL3,2025-11-09T00:17:34.338077Z,0.58,25,yes,1d3950bb-5c55-556c-51d1-020a07f6249f
KXNBASPREAD-25NOV08LALATL-LAL3,2025-11-09T00:15:06.335953Z,0.58,33,yes,2ae3d796-5941-5c5b-19a2-d213e8423ed3
KXNBASPREAD-25NOV08LALATL-LAL3,2025-11-09T00:11:51.361133Z,0.58,58,yes,4f552151-9991-7743-9b6d-b64c7b39706b
KXNBASPREAD-25NOV08LALATL-LAL3,2025-11-09T00:10:51.541243Z,0.58,837,yes,6fe7898e-d0f5-5603-5701-bd05ae7b25c3
KXNBASPREAD-25NOV08LALATL-LAL3,2025-11-09T00:10:08.375096Z,0.58,133,yes,12524bbf-54f5-4a6b-902c-e771c7d0cdab
KXNBASPREAD-25NOV08LALATL-LAL3,2025-11-09T00:08:09.429674Z,0.58,435,yes,240f5a81-82bd-7be3-208e-20f42c7ba487
KXNBASPREAD-25NOV08LALATL-LAL3,2025-11-09T00:08:07.25489Z,0.58,41,yes,1765408c-f409-58cb-145a-5c3d6837b07f
KXNBASPREAD-25NOV08LALATL-LAL3,2025-11-09T00:04:46.750988Z,0.57,8004,yes,868996cd-1ca8-754a-fbe2-95768176ac8b
KXNBASPREAD-25NOV08LALATL-LAL3,2025-11-09T00:03:51.332084Z,0.57,437,yes,1181a576-2168-41a2-5322-2498a51a1fc3
KXNBASPREAD-25NOV08LALATL-LAL3,2025-11-09T00:03:49.479982Z,0.57,9,yes,51a9671b-fd38-7da2-e606-2babd0b141ff
KXNBASPREAD-25NOV08LALATL-LAL3,2025-11-08T23:59:52.753971Z,0.57,25,yes,5acf9e51-43a0-731a-67cf-2c10dd19dcbb
KXNBASPREAD-25NOV08LALATL-LAL3,2025-11-08T23:49:35.785882Z,0.57,219,yes,63111407-3b38-67c2-d87f-41336b8cc7e7
KXNBASPREAD-25NOV08LALATL-LAL3,2025-11-08T23:48:43.760835Z,0.57,34,yes,ff620339-80a0-650e-e7df-e35960c2bbab
KXNBASPREAD-25NOV08LALATL-LAL3,2025-11-08T23:48:09.22216Z,0.57,63,yes,9363604c-9d48-68be-2491-2ea80c55fd67
KXNBASPREAD-25NOV08LALATL-LAL3,2025-11-08T23:47:34.200725Z,0.57,17,yes,5316e84e-8734-592e-776e-13d9ef3faaf3
KXNBASPREAD-25NOV08LALATL-LAL3,2025-11-08T23:44:29.141318Z,0.57,8,yes,8ccf5e27-fc4c-5cea-fd38-e0939235cdbb
KXNBASPREAD-25NOV08LALATL-LAL3,2025-11-08T23:43:30.549711Z,0.57,34,yes,6c3842a0-73f4-5f42-6991-acb9af398df3
KXNBASPREAD-25NOV08LALATL-LAL3,2025-11-08T23:43:02.626459Z,0.57,51,yes,3e781116-3540-4302-9848-264c5d4b6c73
KXNBASPREAD-25NOV08LALATL-LAL3,2025-11-08T23:41:30.545797Z,0.57,324,yes,958ad794-8cc0-62be-809c-a3f34caaa0b3
KXNBASPREAD-25NOV08LALATL-LAL3,2025-11-08T23:40:15.012731Z,0.57,2,yes,f71b140a-c084-6ae2-8bfb-8bff679e0bdb
KXNBASPREAD-25NOV08LALATL-LAL3,2025-11-08T23:33:57.800311Z,0.57,34,yes,8315b07b-78d0-498a-3c1b-ee346ec80507
KXNBASPREAD-25NOV08LALATL-LAL3,2025-11-08T23:32:45.403908Z,0.58,10,yes,4f229a91-4263-6fed-6ad8-bc4aea52dcd7
KXNBASPREAD-25NOV08LALATL-LAL3,2025-11-08T23:30:36.746323Z,0.56,20,no,de58eaf8-13ed-51f5-0c5a-a4119d1a8605
KXNBASPREAD-25NOV08LALATL-LAL3,2025-11-08T23:30:36.746323Z,0.55,305,no,98fc4471-b181-524d-3c9e-e83f4d471e97
KXNBASPREAD-25NOV08LALATL-LAL3,2025-11-08T23:30:36.746323Z,0.56,101,no,4e7a5ba9-82cd-5096-0da5-b2868a9fb600
KXNBASPREAD-25NOV08LALATL-LAL3,2025-11-08T23:30:36.746323Z,0.55,90,no,34810cd5-89db-583a-1f14-df8681760de5
KXNBASPREAD-25NOV08LALATL-LAL3,2025-11-08T23:30:16.811506Z,0.57,15,yes,136b05c7-ad44-5074-d178-f388a4aa6bc4
KXNBASPREAD-25NOV08LALATL-LAL3,2025-11-08T23:29:41.342359Z,0.57,83,yes,8bd8a5db-a974-6774-4c6c-c8e5e28b8f38
KXNBASPREAD-25NOV08LALATL-LAL3,2025-11-08T23:29:05.701732Z,0.57,25,yes,26aad4c0-cb50-4ac0-23c3-35e511fa18a4
KXNBASPREAD-25NOV08LALATL-LAL3,2025-11-08T23:28:09.417347Z,0.57,17,yes,175da13c-58bc-4ba0-e0c8-0ffb7c35183c
KXNBASPREAD-25NOV08LALATL-LAL3,2025-11-08T23:20:40.237522Z,0.59,8,yes,7b23301d-d711-4d38-5308-c645f93a3f0e
KXNBASPREAD-25NOV08LALATL-LAL3,2025-11-08T23:18:33.292631Z,0.58,1414,yes,e7200edb-446c-729e-d6dc-1c3b19becf81
KXNBASPREAD-25NOV08LALATL-LAL3,2025-11-08T23:18:33.292631Z,0.59,200,yes,8436abdc-4bbf-78d4-f9e1-761897756d70
KXNBASPREAD-25NOV08LALATL-LAL3,2025-11-08T23:18:33.292631Z,0.58,2000,yes,6e106218-5819-7a43-e179-07defbc965bf
KXNBASPREAD-25NOV08LALATL-LAL3,2025-11-08T23:18:33.292631Z,0.59,1415,yes,6d9b5928-15fe-765f-da0b-ab07089b3683
KXNBASPREAD-25NOV08LALATL-LAL3,2025-11-08T23:18:33.292631Z,0.58,20,yes,017d7508-11c2-7caf-f233-009047a8ef02
KXNBASPREAD-25NOV08LALATL-LAL3,2025-11-08T23:15:49.876674Z,0.57,87,yes,466e87a5-d5d0-47d9-c1a2-0bd18abbd251
KXNBASPREAD-25NOV08LALATL-LAL3,2025-11-08T23:15:49.876674Z,0.56,29,yes,38e66b7d-036a-4d06-cdf6-86ab798a3926
KXNBASPREAD-25NOV08LALATL-LAL3,2025-11-08T23:14:52.876401Z,0.56,3,yes,14e1ef4d-847e-7646-b3a0-83c5118db2c6
KXNBASPREAD-25NOV08LALATL-LAL3,2025-11-08T23:14:33.107016Z,0.56,34,yes,37480ff9-7da6-4202-745a-7b23e42a2756
KXNBASPREAD-25NOV08LALATL-LAL3,2025-11-08T23:12:02.763709Z,0.56,34,yes,3959c926-0e26-7782-6d3e-9953c46698ce
KXNBASPREAD-25NOV08LALATL-LAL3,2025-11-08T23:05:05.013585Z,0.57,34,yes,e633a202-c89e-4f2f-20cf-7b2b19c93fc8
KXNBASPREAD-25NOV08LALATL-LAL3,2025-11-08T23:04:59.948445Z,0.57,16,yes,be3ba0e1-5a1e-71af-bcd5-9847716d0900
KXNBASPREAD-25NOV08LALATL-LAL3,2025-11-08T23:03:26.644887Z,0.57,17,yes,1c2b2cb7-b306-4b2b-699d-592f47678e68
KXNBASPREAD-25NOV08LALATL-LAL3,2025-11-08T23:03:25.638636Z,0.57,78,yes,d8a4fbd0-90b8-5e62-a296-19b815637824
KXNBASPREAD-25NOV08LALATL-LAL3,2025-11-08T23:03:25.638636Z,0.57,7,yes,8ca8c276-19f8-5c8d-a707-af124f848ca9
KXNBASPREAD-25NOV08LALATL-LAL3,2025-11-08T23:01:14.2199Z,0.56,302,yes,5ff00c0e-8d4f-76c0-d19f-6ee83321cbfa
KXNBASPREAD-25NOV08LALATL-LAL3,2025-11-08T23:01:14.2199Z,0.57,128,yes,08cb5fb4-53a4-7b56-d46f-2259c6726a60
KXNBASPREAD-25NOV08LALATL-LAL3,2025-11-08T22:57:46.864698Z,0.56,8,yes,430cdda8-a113-6b70-5b6b-f625272e2596
KXNBASPREAD-25NOV08LALATL-LAL3,2025-11-08T22:56:58.977629Z,0.56,259,yes,d53f5318-1fab-4de4-8fed-0b22d7ed5cbe
KXNBASPREAD-25NOV08LALATL-LAL3,2025-11-08T22:48:54.177795Z,0.56,173,yes,ef9b8098-8897-7c84-46cf-81d3ac068f7a
KXNBASPREAD-25NOV08LALATL-LAL3,2025-11-08T22:47:27.71569Z,0.56,8,yes,0e1d028e-6953-5d14-1cde-ac0287a576ae
KXNBASPREAD-25NOV08LALATL-LAL3,2025-11-08T22:46:50.005603Z,0.57,149,yes,3a2933d0-93c0-6476-5dc5-5cdc3d8cf074
KXNBASPREAD-25NOV08LALATL-LAL3,2025-11-08T22:46:44.052318Z,0.57,18,yes,b8578511-ba94-61b2-8a6f-5c87f7539728
KXNBASPREAD-25NOV08LALATL-LAL3,2025-11-08T22:46:33.122261Z,0.57,42,yes,d9baff76-9d50-47c6-6cd6-69dc187560cc
KXNBASPREAD-25NOV08LALATL-LAL3,2025-11-08T22:43:59.716687Z,0.57,8,yes,5778fa85-4744-4932-d571-b3b77bcb2c58
KXNBASPREAD-25NOV08LALATL-LAL3,2025-11-08T22:43:55.692568Z,0.55,10,no,092e63bc-bceb-71c6-0bcb-6ebd06da95c5
KXNBASPREAD-25NOV08LALATL-LAL3,2025-11-08T22:39:34.876023Z,0.57,114,yes,89d8bd34-95f4-7afa-829b-6670153a1ef4
KXNBASPREAD-25NOV08LALATL-LAL3,2025-11-08T22:32:05.610587Z,0.57,170,yes,5f26b653-8c30-5956-d41e-316a4c8375d4
KXNBASPREAD-25NOV08LALATL-LAL3,2025-11-08T22:31:11.9055Z,0.57,170,yes,a34f54b7-86d0-7786-c7b9-6f9ed362070c
KXNBASPREAD-25NOV08LALATL-LAL3,2025-11-08T22:30:41.634709Z,0.57,74,yes,7a236b2a-21c8-614e-97dd-e994699fde78
KXNBASPREAD-25NOV08LALATL-LAL3,2025-11-08T22:27:13.134395Z,0.56,5,yes,b68178fe-2ff0-48f7-c22a-4baeef83492c
KXNBASPREAD-25NOV08LALATL-LAL3,2025-11-08T22:25:02.008577Z,0.56,4624,yes,87d6043a-0380-6639-feae-516eab69c0e5
KXNBASPREAD-25NOV08LALATL-LAL3,2025-11-08T22:14:42.166721Z,0.57,1,yes,92168195-3864-6992-eca2-1bbfc0c05c64
KXNBASPREAD-25NOV08LALATL-LAL3,2025-11-08T22:14:40.560323Z,0.57,19,yes,9296aa0b-8b5c-6d52-b7c2-21472fb44b90
KXNBASPREAD-25NOV08LALATL-LAL3,2025-11-08T22:13:21.278031Z,0.55,85,no,b86035a3-2bc8-50f4-e7d1-89a5dec8009d
KXNBASPREAD-25NOV08LALATL-LAL3,2025-11-08T22:08:10.537538Z,0.57,17,yes,a5a03ed4-10bc-76c6-f7c7-4b4573285c18
KXNBASPREAD-25NOV08LALATL-LAL3,2025-11-08T22:02:11.362737Z,0.57,17,yes,3b035373-1760-78ca-f45b-bf142095ebec
KXNBASPREAD-25NOV08LALATL-LAL3,2025-11-08T21:56:43.155871Z,0.57,769,yes,5664c872-4ee4-7e1e-9aa1-4ca5860c2430
KXNBASPREAD-25NOV08LALATL-LAL3,2025-11-08T21:52:59.240138Z,0.57,6940,yes,a4d1118b-58dc-7dae-109d-6aa0f68f2cc4
KXNBASPREAD-25NOV08LALATL-LAL3,2025-11-08T21:52:13.775644Z,0.57,61,yes,e2b75758-b974-54e2-fcc5-18c20dff0090
KXNBASPREAD-25NOV08LALATL-LAL3,2025-11-08T21:47:28.183342Z,0.57,127,yes,0f277a4c-d774-7f72-b70e-a069447f3050
KXNBASPREAD-25NOV08LALATL-LAL3,2025-11-08T21:42:19.502543Z,0.57,170,yes,9588bdbd-fac8-75e2-b87e-345960d35e24
KXNBASPREAD-25NOV08LALATL-LAL3,2025-11-08T21:40:06.845854Z,0.57,170,yes,aa11d8ef-40cc-55ce-f89a-202dda9b5a10
KXNBASPREAD-25NOV08LALATL-LAL3,2025-11-08T21:36:29.129819Z,0.57,25,yes,4db71be4-4fa8-700a-f301-4d43d70c8608
KXNBASPREAD-25NOV08LALATL-LAL3,2025-11-08T21:36:22.218179Z,0.57,170,yes,ece56d2d-cbf8-7b32-f65c-6429b78eb7fc
KXNBASPREAD-25NOV08LALATL-LAL3,2025-11-08T21:14:54.009865Z,0.56,10,yes,5e0908af-0bde-6eb2-6bd3-0a45d8dd5d3c
KXNBASPREAD-25NOV08LALATL-LAL3,2025-11-08T21:12:39.471694Z,0.56,43,yes,121cb286-1dce-44aa-5d11-bb7d927bfeb8
KXNBASPREAD-25NOV08LALATL-LAL3,2025-11-08T21:09:54.105499Z,0.56,20,yes,ccdf74fb-460b-64ea-299e-2e4f5e6e9377
KXNBASPREAD-25NOV08LALATL-LAL3,2025-11-08T21:09:54.105499Z,0.56,128,yes,3137d7a5-789a-6d26-18dc-52861a1973d4
KXNBASPREAD-25NOV08LALATL-LAL3,2025-11-08T21:06:16.425874Z,0.55,53,no,4103d27b-2998-78c0-3d3b-89499bcde599
KXNBASPREAD-25NOV08LALATL-LAL3,2025-11-08T21:01:24.263512Z,0.57,3,yes,36de2ae2-8624-5242-e2b8-aa192590b5f8
KXNBASPREAD-25NOV08LALATL-LAL3,2025-11-08T20:41:43.684678Z,0.56,46,yes,c86e5e48-cd19-7805-8872-c540a1c4169c
KXNBASPREAD-25NOV08LALATL-LAL3,2025-11-08T20:40:22.891293Z,0.56,550,yes,e3b9cf48-105e-6672-c16e-20420fcbd4ad
KXNBASPREAD-25NOV08LALATL-LAL3,2025-11-08T20:40:22.891293Z,0.56,316,yes,a8e5a927-f795-6571-e4dd-6d8e0467cd18
KXNBASPREAD-25NOV08LALATL-LAL3,2025-11-08T20:38:14.314276Z,0.56,15,yes,0a88b513-df76-7a0a-c7dc-bab5bfa5064d
KXNBASPREAD-25NOV08LALATL-LAL3,2025-11-08T20:32:28.168308Z,0.56,101,yes,15adddbf-79e2-4cae-c6e4-69a04544fdbd
KXNBASPREAD-25NOV08LALATL-LAL3,2025-11-08T20:13:59.539801Z,0.56,84,yes,58ea02b9-1956-707e-e39a-d69ebb3b42e1
KXNBASPREAD-25NOV08LALATL-LAL3,2025-11-08T20:07:14.514014Z,0.57,100,yes,f0e7e637-2678-4122-9d60-19b81261ef70
KXNBASPREAD-25NOV08LALATL-LAL3,2025-11-08T19:53:50.323027Z,0.57,85,yes,ca248365-4a10-71c2-a598-9532a7bc6c6c
KXNBASPREAD-25NOV08LALATL-LAL3,2025-11-08T19:53:48.906348Z,0.57,8,yes,a092a792-ddac-6bca-7728-30b4f54d7b80
KXNBASPREAD-25NOV08LALATL-LAL3,2025-11-08T19:52:18.207812Z,0.57,3,yes,8ed29a2f-2f0c-468e-a774-4b47cdadb22c
KXNBASPREAD-25NOV08LALATL-LAL3,2025-11-08T19:41:10.359198Z,0.56,8,yes,31e02d3b-81d0-469b-52d7-0568bfb94956
KXNBASPREAD-25NOV08LALATL-LAL3,2025-11-08T19:34:40.772876Z,0.56,865,yes,1b1a4ff9-ca01-7dc8-fc71-fdcc0fc80a6a
KXNBASPREAD-25NOV08LALATL-LAL3,2025-11-08T19:32:35.210672Z,0.55,193,no,382da5d5-6e04-4db0-1c2d-6a9ea6b25ac9
KXNBASPREAD-25NOV08LALATL-LAL3,2025-11-08T19:32:35.210672Z,0.55,20,no,1a52cc0c-13b9-4599-3d48-cf9d7271979c
KXNBASPREAD-25NOV08LALATL-LAL3,2025-11-08T19:27:32.341712Z,0.56,51,yes,1fc8d360-9c7d-7d08-ed44-e13da70c79b6
KXNBASPREAD-25NOV08LALATL-LAL3,2025-11-08T18:57:16.217905Z,0.56,43,yes,0ffff2a7-1ea5-6110-d4ac-a22a4f4ecca2
KXNBASPREAD-25NOV08LALATL-LAL3,2025-11-08T18:55:07.857622Z,0.56,25,yes,6d145dd7-046d-6ce0-0ff9-28a7ea327f4a
KXNBASPREAD-25NOV08LALATL-LAL3,2025-11-08T18:51:58.300743Z,0.56,86,yes,0ad5a4b7-1fb1-7e54-2a60-b21b2dfac87e
KXNBASPREAD-25NOV08LALATL-LAL3,2025-11-08T18:48:38.123037Z,0.56,1,yes,cb243c4a-f2d1-58d4-c0cb-d357cb542c92
KXNBASPREAD-25NOV08LALATL-LAL3,2025-11-08T18:46:25.770055Z,0.56,41,yes,47789344-6031-56ac-a329-3c4f785f850e
KXNBASPREAD-25NOV08LALATL-LAL3,2025-11-08T18:45:14.849003Z,0.56,85,yes,cb5cf285-65cd-5a3c-3c3c-541a97a5d94e
KXNBASPREAD-25NOV08LALATL-LAL3,2025-11-08T18:39:15.777565Z,0.56,729,yes,96797343-50ed-7990-adc0-ce9801c60a26
KXNBASPREAD-25NOV08LALATL-LAL3,2025-11-08T18:30:48.127807Z,0.56,346,yes,4e787934-2fed-54ac-c26c-d26438f61e0a
KXNBASPREAD-25NOV08LALATL-LAL3,2025-11-08T18:25:12.878714Z,0.56,6,yes,ed72c229-468d-74c8-5b15-aef69c51a246
KXNBASPREAD-25NOV08LALATL-LAL3,2025-11-08T18:19:21.790103Z,0.56,88,yes,b3c16f3f-42b9-54cc-78b0-c9d4bf7c9712
KXNBASPREAD-25NOV08LALATL-LAL3,2025-11-08T18:12:00.097459Z,0.56,43,yes,36ce4b31-2a7d-6f84-d7c8-8476fa032eae
KXNBASPREAD-25NOV08LALATL-LAL3,2025-11-08T18:02:05.787227Z,0.53,268,yes,e5b5324c-c4df-7a52-7f65-3482fb04f1e5
KXNBASPREAD-25NOV08LALATL-LAL3,2025-11-08T18:02:05.787227Z,0.53,2000,yes,83e5fd16-94b9-7cff-626a-d4018d6beaaf
KXNBASPREAD-25NOV08LALATL-LAL3,2025-11-08T18:00:48.131146Z,0.51,98,no,6a80345b-5684-50fe-b474-e39652a80201
KXNBASPREAD-25NOV08LALATL-LAL3,2025-11-08T17:52:17.464312Z,0.52,20,yes,5229a083-fb19-418d-3233-909e659dc06d
KXNBASPREAD-25NOV08LALATL-LAL3,2025-11-08T17:32:51.960797Z,0.52,18,yes,011f74d0-05b1-6121-96d0-352f132f4905
KXNBASPREAD-25NOV08LALATL-LAL3,2025-11-08T17:27:28.819202Z,0.52,20,yes,7e264c1b-3cd8-55ba-5125-23df76cce39c
KXNBASPREAD-25NOV08LALATL-LAL3,2025-11-08T17:27:28.819202Z,0.52,74,yes,38d62d6f-fdf9-58f1-5f87-2345e74c5349
KXNBASPREAD-25NOV08LALATL-LAL3,2025-11-08T17:12:56.431293Z,0.52,93,yes,62a3dd5f-744f-5404-6017-ad76809cbf48
KXNBASPREAD-25NOV08LALATL-LAL3,2025-11-08T17:05:40.775075Z,0.52,300,no,dc8a6f96-ceab-5e4a-f044-0f6638680839
KXNBASPREAD-25NOV08LALATL-LAL3,2025-11-08T17:00:19.360525Z,0.53,3,yes,dc8859c2-3945-43e6-b340-9730b886f626
KXNBASPREAD-25NOV08LALATL-LAL3,2025-11-08T16:29:01.496788Z,0.53,456,yes,f0b022cf-91fd-526a-91bb-17256459e406
KXNBASPREAD-25NOV08LALATL-LAL3,2025-11-08T16:20:34.24096Z,0.53,38,yes,92894680-ea05-775a-4e7e-cb4b4299ef3e
KXNBASPREAD-25NOV08LALATL-LAL3,2025-11-08T16:15:15.503756Z,0.53,456,yes,02fade63-0019-636a-5fe5-b136d352e172
KXNBASPREAD-25NOV08LALATL-LAL3,2025-11-08T16:10:00.214708Z,0.53,9,yes,da891e0d-199d-70d6-2168-12026b904342
KXNBASPREAD-25NOV08LALATL-LAL3,2025-11-08T16:01:27.105176Z,0.53,45,yes,a0c34e98-5365-6bba-ea12-4be3c2598a02
KXNBASPREAD-25NOV08LALATL-LAL3,2025-11-08T15:33:06.630961Z,0.53,222,yes,57a6b7b4-1851-4e22-2f1b-e3b60aaf408a
KXNBASPREAD-25NOV08LALATL-LAL3,2025-11-08T14:47:19.594349Z,0.53,9,yes,2c2f7438-e198-59f7-2ead-108a6684348c
KXNBASPREAD-25NOV08LALATL-LAL3,2025-11-08T14:34:53.432915Z,0.53,548,yes,a4d5a544-9c54-60fb-ec3e-f6b084c39aa0
KXNBASPREAD-25NOV08LALATL-LAL3,2025-11-08T14:33:09.797855Z,0.53,45,yes,93c21bd5-0094-6fff-f2ec-eb0261e6365c
KXNBASPREAD-25NOV08LALATL-LAL3,2025-11-08T14:11:53.404124Z,0.52,5105,yes,fe9e3fae-4f8f-69b2-0c3b-718e27efaed6
KXNBASPREAD-25NOV08LALATL-LAL3,2025-11-08T14:11:42.790168Z,0.52,3005,yes,86b0838a-9244-44be-b3d0-fce542534f78
KXNBASPREAD-25NOV08LALATL-LAL3,2025-11-08T14:11:31.227247Z,0.51,5000,yes,5d892626-7cf4-6c9e-9495-006ba78d5f88
KXNBASPREAD-25NOV08LALATL-LAL3,2025-11-08T14:11:31.227247Z,0.51,10,yes,5a84b5ab-d14f-6645-ad12-d5d5b0da38d7
KXNBASPREAD-25NOV08LALATL-LAL3,2025-11-08T14:11:22.729386Z,0.51,90,yes,efc82b0a-49fb-575d-c59c-238c0507027f
KXNBASPREAD-25NOV08LALATL-LAL3,2025-11-08T13:49:22.304891Z,0.51,18,yes,c8dd5a90-2442-4b1a-828e-a2ec55f9f6bb
KXNBASPREAD-25NOV08LALATL-LAL3,2025-11-08T13:47:40.693779Z,0.51,47,yes,45733548-ca7a-42ca-fd57-e954ba38613b
KXNBASPREAD-25NOV08LALATL-LAL3,2025-11-08T12:44:09.124562Z,0.51,11,yes,c4af4a63-b08c-53c6-502d-4eb35f7c0d98
KXNBASPREAD-25NOV08LALATL-LAL3,2025-11-08T12:42:45.536467Z,0.51,94,yes,bfbc1983-1468-69ea-5a4f-409b810ac188
KXNBASPREAD-25NOV08LALATL-LAL3,2025-11-08T11:57:27.381376Z,0.51,10,yes,860f81b3-bfd0-4626-1a63-f8e5085c8e49
KXNBASPREAD-25NOV08LALATL-LAL3,2025-11-08T11:19:22.5535Z,0.51,284,yes,ec599c68-e425-4f2d-af30-ebe357c6586a
KXNBASPREAD-25NOV08LALATL-LAL3,2025-11-08T10:34:18.493733Z,0.51,57,yes,75beb5c4-a920-7aae-7b87-9ca4a9cb5975
KXNBASPREAD-25NOV08LALATL-LAL3,2025-11-08T09:37:38.088887Z,0.51,37,yes,5ed43809-780c-6d92-1e65-12dbca3cfc55
KXNBASPREAD-25NOV08LALATL-LAL3,2025-11-08T09:33:25.235992Z,0.51,21,yes,4b12a3e3-2340-74ca-a571-a7ea639d7c7d
KXNBASPREAD-25NOV08LALATL-LAL3,2025-11-08T09:26:40.165443Z,0.51,767,yes,635dcc0c-928e-7fa8-f1e9-5490cb2f6e89
KXNBASPREAD-25NOV08LALATL-LAL3,2025-11-08T09:02:50.228415Z,0.49,1000,no,fd4d631f-6d84-5119-4363-0fd91c031246
KXNBASPREAD-25NOV08LALATL-LAL3,2025-11-08T09:01:04.982399Z,0.52,93,yes,1587f18b-d52c-407a-c9b4-d80748f04378
KXNBASPREAD-25NOV08LALATL-LAL3,2025-11-08T08:34:57.996657Z,0.52,18,yes,5f30b487-7240-7eda-c98e-15113d77b31e
KXNBASPREAD-25NOV08LALATL-LAL3,2025-11-08T08:14:17.880734Z,0.52,19,yes,e28214de-7f6e-5797-2c67-ef8b200e7db7
KXNBASPREAD-25NOV08LALATL-LAL3,2025-11-08T08:10:43.416134Z,0.52,74,yes,cfc22445-ca84-5f05-6bfd-96efa3850a9e
KXNBASPREAD-25NOV08LALATL-LAL3,2025-11-08T07:58:20.125479Z,0.52,46,yes,35c94f78-6f5b-5d53-3c5e-3fbd0d0f5255
KXNBASPREAD-25NOV08LALATL-LAL3,2025-11-08T07:26:54.255351Z,0.52,18,yes,b97f9a78-7dec-5a5b-e35e-be346530ff09
KXNBASPREAD-25NOV08LALATL-LAL3,2025-11-08T07:01:39.233273Z,0.52,18,yes,b3e88855-bc93-7288-31a7-bd4db3ab56ad
KXNBASPREAD-25NOV08LALATL-LAL3,2025-11-08T06:56:45.307939Z,0.52,182,yes,526c3020-72ce-4ba6-dde1-9d51fcfe0d89
KXNBASPREAD-25NOV08LALATL-LAL3,2025-11-08T06:51:09.603604Z,0.52,20,yes,d08219dd-f80f-4ed1-7362-69ce0620d011
KXNBASPREAD-25NOV08LALATL-LAL3,2025-11-08T06:49:42.552522Z,0.52,111,yes,129b2b07-6e96-55fd-d296-71ee39d9cfad
KXNBASPREAD-25NOV08LALATL-LAL3,2025-11-08T06:49:42.552522Z,0.52,112,yes,0c66512a-edbc-52a4-fc75-66b09055b289
KXNBASPREAD-25NOV08LALATL-LAL3,2025-11-08T06:34:35.958241Z,0.52,20,yes,00742081-4642-74e9-9b79-58fb84cd927d
KXNBASPREAD-25NOV08LALATL-LAL3,2025-11-08T06:33:02.660467Z,0.52,11,yes,5d6e4ee7-bcfe-4145-e53a-44c4c373ce29
KXNBASPREAD-25NOV08LALATL-LAL3,2025-11-08T06:30:51.61513Z,0.52,9,yes,45dc64db-b202-6139-dced-d5abaa518045
KXNBASPREAD-25NOV08LALATL-LAL3,2025-11-08T06:15:41.729235Z,0.52,27,yes,1a48be86-d89a-473d-8403-2e2d97b14449
KXNBASPREAD-25NOV08LALATL-LAL3,2025-11-08T06:15:32.062957Z,0.51,454,yes,f699ea32-dfb4-77f0-2cf8-f926eb1a7c20
KXNBASPREAD-25NOV08LALATL-LAL3,2025-11-08T06:15:32.062957Z,0.51,1000,yes,caa063a8-2760-7a7c-1c37-f7d00f96f6ae
KXNBASPREAD-25NOV08LALATL-LAL3,2025-11-08T06:15:32.062957Z,0.52,274,yes,7f8eab86-6832-7f79-390a-c71beff670a5
KXNBASPREAD-25NOV08LALATL-LAL3,2025-11-08T06:15:32.062957Z,0.52,87,yes,6b8dba71-9592-7dfc-0675-d2da5f4bbc96
KXNBASPREAD-25NOV08LALATL-LAL3,2025-11-08T06:15:32.062957Z,0.52,179,yes,6b113793-8dbb-7308-17bf-0c93cf94fd36
KXNBASPREAD-25NOV08LALATL-LAL3,2025-11-08T06:15:32.062957Z,0.52,1188,yes,682ec216-5689-768a-2e56-03d469cae0c1
KXNBASPREAD-25NOV08LALATL-LAL3,2025-11-08T06:15:32.062957Z,0.51,102,yes,4d281182-4bb1-7ddc-2217-990c55e9d745
KXNBASPREAD-25NOV08LALATL-LAL3,2025-11-08T06:14:33.473914Z,0.51,9,yes,e9047962-0dbd-5960-c62f-56d608222a0d
KXNBASPREAD-25NOV08LALATL-LAL3,2025-11-08T05:43:48.615994Z,0.51,47,yes,e8c9d5a8-d109-5fa0-57a7-5f9001ad80ed
KXNBASPREAD-25NOV08LALATL-LAL3,2025-11-08T05:36:05.964743Z,0.51,5,yes,510d044b-495d-7ac4-b079-de2e94c6a8ad
