ticker,created_time,price,count,taker_side,trade_id
KXNBATOTAL-25NOV08PHXLAC-210,2025-11-09T06:04:44.704068Z,0.99,224,no,9916a16d-c433-5ec9-af1b-df42d765ccfb
KXNBATOTAL-25NOV08PHXLAC-210,2025-11-09T06:00:58.810864Z,0.99,41,no,2f6c2c98-a70f-4769-15ba-e5e13705687f
KXNBATOTAL-25NOV08PHXLAC-210,2025-11-09T06:00:16.845996Z,0.99,261,no,dcab0ab3-be07-42d1-73e6-c73cd6f8d367
KXNBATOTAL-25NOV08PHXLAC-210,2025-11-09T05:56:46.952216Z,0.99,1,yes,a4b7f1b1-e718-6313-1858-ec016c3c070a
KXNBATOTAL-25NOV08PHXLAC-210,2025-11-09T05:56:31.099812Z,0.99,5,yes,19155d25-94c0-4513-9743-1a5fe023e0ae
KXNBATOTAL-25NOV08PHXLAC-210,2025-11-09T05:55:19.944659Z,0.99,51,no,d1a6f87e-9c76-7373-c3a0-8f732baa104d
KXNBATOTAL-25NOV08PHXLAC-210,2025-11-09T05:55:19.944659Z,0.93,6,no,934e9534-bd1c-776e-eddb-a71d3d9d18e2
KXNBATOTAL-25NOV08PHXLAC-210,2025-11-09T05:54:09.545948Z,0.99,35,yes,c7d78115-2705-622f-1f99-07f75b258c9f
KXNBATOTAL-25NOV08PHXLAC-210,2025-11-09T05:54:09.545948Z,0.99,94,yes,45ded61b-3135-6782-3fdc-b1c9ed888a8d
KXNBATOTAL-25NOV08PHXLAC-210,2025-11-09T05:54:02.542724Z,0.98,48,yes,99bef338-d254-4b64-dde5-53bc72c9b16e
KXNBATOTAL-25NOV08PHXLAC-210,2025-11-09T05:54:02.542724Z,0.99,1,yes,11b1dd0c-3389-40e2-f69a-0a42582309b9
KXNBATOTAL-25NOV08PHXLAC-210,2025-11-09T05:53:57.586355Z,0.98,2,yes,4aff9800-e788-4284-de08-bed7ae7871a6
KXNBATOTAL-25NOV08PHXLAC-210,2025-11-09T05:53:37.816054Z,0.98,17,yes,e1a302c3-ada8-47dc-3652-28b999e62896
KXNBATOTAL-25NOV08PHXLAC-210,2025-11-09T05:53:35.096877Z,0.98,65,yes,3d9c853b-0a94-4b0c-bec1-1deded604722
KXNBATOTAL-25NOV08PHXLAC-210,2025-11-09T05:53:33.074797Z,0.98,45,yes,221497a2-4c88-52ac-d3e9-55f4496c9482
KXNBATOTAL-25NOV08PHXLAC-210,2025-11-09T05:53:30.271221Z,0.98,48,yes,5d176008-2ee4-64e8-98ae-f617926e9172
KXNBATOTAL-25NOV08PHXLAC-210,2025-11-09T05:53:13.679629Z,0.98,94,yes,ad9a4c1a-fec0-4991-4d8d-afee461276fb
KXNBATOTAL-25NOV08PHXLAC-210,2025-11-09T05:50:55.161256Z,0.8,47,no,cf03c48d-c321-461a-28c6-546411db5287
KXNBATOTAL-25NOV08PHXLAC-210,2025-11-09T05:50:36.052349Z,0.8,14,no,86d2d86f-5621-479a-9978-623404a9c58f
KXNBATOTAL-25NOV08PHXLAC-210,2025-11-09T05:49:57.057724Z,0.8,23,no,ca876863-eec9-7a32-a30f-bac5cfee068b
KXNBATOTAL-25NOV08PHXLAC-210,2025-11-09T05:49:41.27582Z,0.8,23,no,2be99eb6-0c59-73ee-8edd-5951af2cb323
KXNBATOTAL-25NOV08PHXLAC-210,2025-11-09T05:49:36.839388Z,0.8,118,no,7be8ba04-d44d-6cae-90e7-d034211bf1fb
KXNBATOTAL-25NOV08PHXLAC-210,2025-11-09T05:49:17.624139Z,0.8,123,no,d5acf68c-18ed-4d9a-dcc4-4be7d05555bb
KXNBATOTAL-25NOV08PHXLAC-210,2025-11-09T05:48:39.643019Z,0.93,2,yes,d9cb2708-049d-729a-19d6-51b7ba5509fc
KXNBATOTAL-25NOV08PHXLAC-210,2025-11-09T05:48:39.643019Z,0.91,28,yes,c499f9ba-48aa-7075-20b9-52a4c4df48d8
KXNBATOTAL-25NOV08PHXLAC-210,2025-11-09T05:48:39.643019Z,0.95,23,yes,155dd9d0-0750-713a-19c0-0f4fbcd2b551
KXNBATOTAL-25NOV08PHXLAC-210,2025-11-09T05:47:42.706727Z,0.65,28,no,e06de603-4b17-5358-388b-0b5c0ddc0195
KXNBATOTAL-25NOV08PHXLAC-210,2025-11-09T05:47:42.706727Z,0.66,100,no,d30d8c73-28a8-5534-01d4-dada4e34bbaf
KXNBATOTAL-25NOV08PHXLAC-210,2025-11-09T05:46:36.338017Z,0.72,17,no,50fcd6ae-d84c-5800-d24f-429f7017d1c3
KXNBATOTAL-25NOV08PHXLAC-210,2025-11-09T05:46:32.334081Z,0.88,225,no,df0032ae-ab5c-48bf-ef12-b803dc57c324
KXNBATOTAL-25NOV08PHXLAC-210,2025-11-09T05:46:00.019619Z,0.87,182,yes,cfb375c9-e6cd-553d-a5fa-0a84d4987927
KXNBATOTAL-25NOV08PHXLAC-210,2025-11-09T05:45:03.498285Z,0.68,5,no,27bc9e6d-2f90-54be-154e-a398dce67d8e
KXNBATOTAL-25NOV08PHXLAC-210,2025-11-09T05:44:42.971212Z,0.68,26,no,dd5f0a48-47c4-4b4e-6faf-4120ddda216a
KXNBATOTAL-25NOV08PHXLAC-210,2025-11-09T05:44:39.585575Z,0.89,11,yes,251b4285-baac-6082-a276-831d5325a67e
KXNBATOTAL-25NOV08PHXLAC-210,2025-11-09T05:44:19.568243Z,0.68,2,no,1b5f6e67-9258-6ab2-7e9c-1ba8807e81ee
KXNBATOTAL-25NOV08PHXLAC-210,2025-11-09T05:43:54.762924Z,0.68,120,no,484a6ed9-c78c-7f5e-bd7a-1779b53abb52
KXNBATOTAL-25NOV08PHXLAC-210,2025-11-09T05:43:54.762924Z,0.69,270,no,0f055b5b-44c3-70a7-8e84-52cda1425fe7
KXNBATOTAL-25NOV08PHXLAC-210,2025-11-09T05:43:46.884071Z,0.69,30,no,885cf50c-0f5f-4ac3-75ea-a678bc407a53
KXNBATOTAL-25NOV08PHXLAC-210,2025-11-09T05:43:32.254429Z,0.68,29,no,92be070b-2ea4-64e2-11cd-11c0d5f54e5a
KXNBATOTAL-25NOV08PHXLAC-210,2025-11-09T05:42:53.886723Z,0.82,300,yes,13b78169-cba2-572b-8688-de91b0d87c3b
KXNBATOTAL-25NOV08PHXLAC-210,2025-11-09T05:42:51.65178Z,0.8,299,yes,2c57b307-7af6-660c-b68a-e644e22ad46e
KXNBATOTAL-25NOV08PHXLAC-210,2025-11-09T05:42:07.624428Z,0.77,5,yes,fc8a07ab-2f20-55db-8fe7-fe158df144e9
KXNBATOTAL-25NOV08PHXLAC-210,2025-11-09T05:41:57.167781Z,0.5,9,no,8405c3b0-290d-4a6e-a181-84831d3327c3
KXNBATOTAL-25NOV08PHXLAC-210,2025-11-09T05:41:53.572376Z,0.77,12,yes,bbc4435d-4af4-78cb-5d95-55aeb172e5dd
KXNBATOTAL-25NOV08PHXLAC-210,2025-11-09T05:41:50.694391Z,0.52,35,no,2b42153c-a755-7c46-d802-e87ce1c60ae7
KXNBATOTAL-25NOV08PHXLAC-210,2025-11-09T05:41:42.413003Z,0.56,54,no,e067abcf-18a9-6cd2-91a3-e3529cc7db43
KXNBATOTAL-25NOV08PHXLAC-210,2025-11-09T05:41:16.227075Z,0.56,3,no,57e7177c-713d-4052-f353-5460fc07bacb
KXNBATOTAL-25NOV08PHXLAC-210,2025-11-09T05:40:42.832804Z,0.78,1,yes,ab979b73-1fca-5d38-00c2-3896bc9fd712
KXNBATOTAL-25NOV08PHXLAC-210,2025-11-09T05:40:31.943613Z,0.79,123,yes,f4561f91-2d7c-5cb7-2789-d295c99e9265
KXNBATOTAL-25NOV08PHXLAC-210,2025-11-09T05:40:28.69911Z,0.79,62,yes,aee18349-2de8-4e3f-855b-fbd115247cd5
KXNBATOTAL-25NOV08PHXLAC-210,2025-11-09T05:40:00.572098Z,0.6,59,no,7bd1ad47-4eed-6f42-0746-6c1961cbe093
KXNBATOTAL-25NOV08PHXLAC-210,2025-11-09T05:39:44.153376Z,0.63,12,no,2d7c1677-e53d-7402-6f4f-fbee560082ff
KXNBATOTAL-25NOV08PHXLAC-210,2025-11-09T05:39:21.456197Z,0.62,12,no,2be00ce0-1e14-641c-c162-aa86245aaa46
KXNBATOTAL-25NOV08PHXLAC-210,2025-11-09T05:39:08.216207Z,0.62,7,no,2036a069-05c0-7e5c-1b63-d119cce7075a
KXNBATOTAL-25NOV08PHXLAC-210,2025-11-09T05:38:33.263938Z,0.64,258,no,aa55cc20-0bbd-69de-0ee0-96ee06779fb7
KXNBATOTAL-25NOV08PHXLAC-210,2025-11-09T05:38:33.263938Z,0.7,9,no,1002a808-5c0e-67a3-0a17-214ec3774e94
KXNBATOTAL-25NOV08PHXLAC-210,2025-11-09T05:38:00.236332Z,0.71,300,no,36913e53-b07b-6f2a-5e5e-52b2b90da27c
KXNBATOTAL-25NOV08PHXLAC-210,2025-11-09T05:38:00.236332Z,0.71,201,no,01de9f20-d05f-6998-53e4-eec20995eb3e
KXNBATOTAL-25NOV08PHXLAC-210,2025-11-09T05:37:51.564268Z,0.71,32,no,bc29190f-f3df-67f0-4dbc-1c65eaf40f46
KXNBATOTAL-25NOV08PHXLAC-210,2025-11-09T05:37:28.670486Z,0.71,22,no,dbd6252a-0fab-69e0-1246-a66675b8d7fa
KXNBATOTAL-25NOV08PHXLAC-210,2025-11-09T05:37:19.549474Z,0.71,32,no,605a4695-07df-5910-a857-4db2e04d026e
KXNBATOTAL-25NOV08PHXLAC-210,2025-11-09T05:36:56.667945Z,0.71,13,no,46398318-315b-7f3c-61fa-7236c48c34c2
KXNBATOTAL-25NOV08PHXLAC-210,2025-11-09T05:36:16.450377Z,0.79,255,no,3c60a21d-be10-5c94-7a07-a7198410ca79
KXNBATOTAL-25NOV08PHXLAC-210,2025-11-09T05:36:02.74815Z,0.84,300,no,670944fa-be6b-584a-f0c7-5a44841d238e
KXNBATOTAL-25NOV08PHXLAC-210,2025-11-09T05:35:57.634932Z,0.79,45,no,ec193d35-19a4-4828-db76-18103e5bede9
KXNBATOTAL-25NOV08PHXLAC-210,2025-11-09T05:35:19.433537Z,0.83,2,no,64f2ab1d-9e5d-75cd-5168-2a674eb91184
KXNBATOTAL-25NOV08PHXLAC-210,2025-11-09T05:35:19.433537Z,0.78,63,no,63243a7b-2819-773f-7127-4712f979ba84
KXNBATOTAL-25NOV08PHXLAC-210,2025-11-09T05:34:36.806301Z,0.98,1,yes,fd7ac7e9-3921-42b7-e05b-91f4c1f1702b
KXNBATOTAL-25NOV08PHXLAC-210,2025-11-09T05:34:36.806301Z,0.99,99,yes,30483b6e-aa39-4272-cd3e-3eb828f3a629
KXNBATOTAL-25NOV08PHXLAC-210,2025-11-09T05:34:23.087675Z,0.88,171,yes,861981cd-319d-6912-d119-d6d1ada179ea
KXNBATOTAL-25NOV08PHXLAC-210,2025-11-09T05:34:23.087675Z,0.87,6,yes,816e764f-2ceb-6675-eacc-af0742b26585
KXNBATOTAL-25NOV08PHXLAC-210,2025-11-09T05:34:23.087675Z,0.98,2,yes,363b42e4-0723-6f49-da3f-9c94fd4886b9
KXNBATOTAL-25NOV08PHXLAC-210,2025-11-09T05:34:23.087675Z,0.9,133,yes,12b8af8f-a282-6b38-c049-c5596d66e2f6
KXNBATOTAL-25NOV08PHXLAC-210,2025-11-09T05:34:23.087675Z,0.99,256,yes,0e15d855-de01-6fa6-c95f-637adb9dbe95
KXNBATOTAL-25NOV08PHXLAC-210,2025-11-09T05:34:23.087675Z,0.95,143,yes,0be8604b-55c8-655c-ee76-80e6d3a1e905
KXNBATOTAL-25NOV08PHXLAC-210,2025-11-09T05:34:15.68754Z,0.87,1,yes,18807d24-a20b-6d05-217c-186898b47421
KXNBATOTAL-25NOV08PHXLAC-210,2025-11-09T05:34:14.916621Z,0.87,3,yes,d27500ab-8607-4b69-3a89-689dde605c8d
KXNBATOTAL-25NOV08PHXLAC-210,2025-11-09T05:33:48.073709Z,0.84,1,yes,63885eb7-9dff-7558-3733-21d4b623c593
KXNBATOTAL-25NOV08PHXLAC-210,2025-11-09T05:33:17.431148Z,0.84,117,yes,2c916879-6617-6384-640a-6819ef238573
KXNBATOTAL-25NOV08PHXLAC-210,2025-11-09T05:33:04.435175Z,0.86,95,yes,68db4802-accf-79ae-2ab4-19fb4b978ea9
KXNBATOTAL-25NOV08PHXLAC-210,2025-11-09T05:33:04.435175Z,0.84,20,yes,59ab60fb-3143-760c-0ab1-aededf1eb3f4
KXNBATOTAL-25NOV08PHXLAC-210,2025-11-09T05:32:41.872483Z,0.84,1,yes,7ce5851c-7b0b-55b0-dc66-0431f0d62288
KXNBATOTAL-25NOV08PHXLAC-210,2025-11-09T05:32:40.585486Z,0.85,27,yes,fa7df710-5a5d-4ccc-9c80-bbb6894853e6
KXNBATOTAL-25NOV08PHXLAC-210,2025-11-09T05:32:40.585486Z,0.87,74,yes,687e0d8a-1a24-46a5-aed3-fb5d22b40803
KXNBATOTAL-25NOV08PHXLAC-210,2025-11-09T05:32:16.954263Z,0.85,27,yes,ec757d03-d8b0-682f-0697-bc88425c7480
KXNBATOTAL-25NOV08PHXLAC-210,2025-11-09T05:31:34.197452Z,0.78,21,no,fb6d98f9-3d5f-6e14-68cb-e73cf7019e43
KXNBATOTAL-25NOV08PHXLAC-210,2025-11-09T05:31:23.482965Z,0.77,20,no,a3dc4a85-7462-4fb8-e1f9-3e7bc1ec1814
KXNBATOTAL-25NOV08PHXLAC-210,2025-11-09T05:29:21.508359Z,0.88,70,yes,53e8628d-f611-68da-9c12-926f175e2f2e
KXNBATOTAL-25NOV08PHXLAC-210,2025-11-09T05:29:04.587575Z,0.87,191,yes,8433a895-9a48-52ae-f4fc-50b5cb52db01
KXNBATOTAL-25NOV08PHXLAC-210,2025-11-09T05:28:59.851448Z,0.71,3,no,f34c0198-8974-7ba4-ad3c-f8938dc36994
KXNBATOTAL-25NOV08PHXLAC-210,2025-11-09T05:28:58.873184Z,0.71,42,no,4156705e-ffcc-5c08-e00e-143f0fb1687c
KXNBATOTAL-25NOV08PHXLAC-210,2025-11-09T05:27:58.856141Z,0.73,29,no,e9a3b69d-a2be-4eab-8b89-7cc74c0b77cd
KXNBATOTAL-25NOV08PHXLAC-210,2025-11-09T05:27:58.856141Z,0.71,5,no,d6ee601d-7b2c-4754-8ce2-91374aac2934
KXNBATOTAL-25NOV08PHXLAC-210,2025-11-09T05:26:02.452241Z,0.73,52,no,740ada8a-295a-7a0f-d882-29aa72538b5d
KXNBATOTAL-25NOV08PHXLAC-210,2025-11-09T05:24:49.877681Z,0.75,19,no,b2a364a7-d19a-642b-c185-9ecb7ddf59b5
KXNBATOTAL-25NOV08PHXLAC-210,2025-11-09T05:24:39.731562Z,0.79,50,yes,8655ba30-e8b2-7b6d-21b2-8e832a5368c3
KXNBATOTAL-25NOV08PHXLAC-210,2025-11-09T05:23:40.86526Z,0.81,17,no,feed0458-9e3a-5aa5-7b7f-5211339d68cf
KXNBATOTAL-25NOV08PHXLAC-210,2025-11-09T05:23:40.86526Z,0.81,42,no,292cfe69-5e56-5e1b-6163-dea270fb926e
KXNBATOTAL-25NOV08PHXLAC-210,2025-11-09T05:23:34.285868Z,0.81,34,no,3220b8e7-c2e6-5ad7-db86-101523bca13a
KXNBATOTAL-25NOV08PHXLAC-210,2025-11-09T05:22:40.323404Z,0.81,24,no,8f09e4e5-b0e6-7f2f-1a89-0fcaae0c7aee
KXNBATOTAL-25NOV08PHXLAC-210,2025-11-09T05:22:23.361933Z,0.77,20,no,5ee11d9f-1cab-7cc3-7a7c-583789a5c969
KXNBATOTAL-25NOV08PHXLAC-210,2025-11-09T05:21:34.439604Z,0.89,109,yes,584565be-619e-7b27-a41d-ef565e71323e
KXNBATOTAL-25NOV08PHXLAC-210,2025-11-09T05:20:13.672857Z,0.83,196,no,be8a4812-62a1-5657-5b40-a16cc4cd32d2
KXNBATOTAL-25NOV08PHXLAC-210,2025-11-09T05:17:13.149042Z,0.77,4,no,fa80bbba-4ec1-6b1b-fa2d-90dbfb798786
KXNBATOTAL-25NOV08PHXLAC-210,2025-11-09T05:15:40.300937Z,0.72,17,no,c22abae1-9666-7acd-7a16-8766fd31ed3b
KXNBATOTAL-25NOV08PHXLAC-210,2025-11-09T05:15:31.570468Z,0.85,50,yes,db201bdd-b77b-5f95-3bf3-1ff6774bf0e1
KXNBATOTAL-25NOV08PHXLAC-210,2025-11-09T05:15:31.570468Z,0.84,10,yes,7b13e18d-0604-5a9c-02cf-93496e350bcd
KXNBATOTAL-25NOV08PHXLAC-210,2025-11-09T05:15:31.570468Z,0.9,17,yes,707600ee-5bd3-5917-1ac5-981c02ca5b79
KXNBATOTAL-25NOV08PHXLAC-210,2025-11-09T05:15:31.570468Z,0.85,50,yes,5411d948-7130-523f-0fc0-d4c0e03936ff
KXNBATOTAL-25NOV08PHXLAC-210,2025-11-09T05:15:31.570468Z,0.84,100,yes,3b586daa-6f4f-5b53-0e03-1671b089c25f
KXNBATOTAL-25NOV08PHXLAC-210,2025-11-09T05:15:31.570468Z,0.84,100,yes,2ec7628a-3795-58f2-11ac-7b2c7b55c14c
KXNBATOTAL-25NOV08PHXLAC-210,2025-11-09T05:13:25.9099Z,0.79,138,yes,6c09167a-f019-71ac-81ce-897e799ae881
KXNBATOTAL-25NOV08PHXLAC-210,2025-11-09T05:13:25.9099Z,0.84,34,yes,2a53b918-eab9-7950-acfe-b58d12bd82c6
KXNBATOTAL-25NOV08PHXLAC-210,2025-11-09T05:13:11.176453Z,0.64,1,no,2b7412c7-321d-6850-66d7-5c1a6620ee51
KXNBATOTAL-25NOV08PHXLAC-210,2025-11-09T05:12:32.15094Z,0.81,12,yes,3caf7cf5-70ed-4a58-5be4-37f398971339
KXNBATOTAL-25NOV08PHXLAC-210,2025-11-09T05:10:11.011267Z,0.64,100,no,e0e0eb30-210b-5c88-136b-5ef7e13c2171
KXNBATOTAL-25NOV08PHXLAC-210,2025-11-09T05:10:11.011267Z,0.63,141,no,e057403f-041c-569f-3918-e26b92104c44
KXNBATOTAL-25NOV08PHXLAC-210,2025-11-09T05:10:11.011267Z,0.63,20,no,3991a21f-fe67-5d50-012a-4256806da4e8
KXNBATOTAL-25NOV08PHXLAC-210,2025-11-09T05:09:34.615309Z,0.7,132,no,9fe3b780-cb4e-4426-edb9-b9588b005467
KXNBATOTAL-25NOV08PHXLAC-210,2025-11-09T05:08:11.25945Z,0.67,17,no,ee218f00-d046-7a4e-01db-84b46870c56b
KXNBATOTAL-25NOV08PHXLAC-210,2025-11-09T05:06:57.551006Z,0.72,9,no,5a003fb0-0cc0-5456-6e60-f0e6475e0eee
KXNBATOTAL-25NOV08PHXLAC-210,2025-11-09T05:05:27.042917Z,0.66,1,no,d364b262-1e2a-4eca-43db-dfc1705e8ff3
KXNBATOTAL-25NOV08PHXLAC-210,2025-11-09T05:02:03.559953Z,0.63,5,no,5648c42b-5dbb-73f0-a4bb-754e02078734
KXNBATOTAL-25NOV08PHXLAC-210,2025-11-09T04:59:57.365943Z,0.64,75,no,186d3f97-6a87-61c5-a605-7795505d7347
KXNBATOTAL-25NOV08PHXLAC-210,2025-11-09T04:59:57.365943Z,0.64,70,no,14bd2519-3a5c-6a92-be48-75c611610c3f
KXNBATOTAL-25NOV08PHXLAC-210,2025-11-09T04:59:54.855893Z,0.65,50,no,346ef6a6-a0e6-7786-72d0-82462d761d35
KXNBATOTAL-25NOV08PHXLAC-210,2025-11-09T04:58:15.961244Z,0.64,4,no,f8bd8f17-7550-4d0a-32dc-1b03bb9d8bfb
KXNBATOTAL-25NOV08PHXLAC-210,2025-11-09T04:58:15.961244Z,0.65,23,no,b7a6a225-77ce-4ded-161c-016ffabf5f2a
KXNBATOTAL-25NOV08PHXLAC-210,2025-11-09T04:57:51.399095Z,0.65,27,no,999681b8-45ae-4ca9-832e-8edbaebae0e6
KXNBATOTAL-25NOV08PHXLAC-210,2025-11-09T04:55:51.933709Z,0.64,26,no,a3d5569e-cf40-7786-fdf3-3658769b1b33
KXNBATOTAL-25NOV08PHXLAC-210,2025-11-09T04:53:20.908019Z,0.68,10,no,a77f807a-b85f-4096-c714-dea9355f75d6
KXNBATOTAL-25NOV08PHXLAC-210,2025-11-09T04:53:20.902399Z,0.68,14,no,856c4678-71df-5d12-fde0-64d561db11fa
KXNBATOTAL-25NOV08PHXLAC-210,2025-11-09T04:50:39.040891Z,0.68,28,yes,4962cd37-79a8-44f1-fc39-082410fb2e3c
KXNBATOTAL-25NOV08PHXLAC-210,2025-11-09T04:50:33.22294Z,0.68,71,yes,44e96cc6-11b8-7f71-c97b-b089ade5e5ac
KXNBATOTAL-25NOV08PHXLAC-210,2025-11-09T04:50:18.324933Z,0.68,33,yes,a10e3eab-ea58-41a1-73d5-2a8c85c33420
KXNBATOTAL-25NOV08PHXLAC-210,2025-11-09T04:49:07.652209Z,0.68,143,yes,c6904653-50c5-5100-7668-acf8f9dcbc7e
KXNBATOTAL-25NOV08PHXLAC-210,2025-11-09T04:48:36.579782Z,0.68,14,yes,5defdfda-0d55-696c-9187-9180bc2f5dde
KXNBATOTAL-25NOV08PHXLAC-210,2025-11-09T04:47:00.108062Z,0.68,14,yes,5f874d09-a655-4300-70f5-9fb8716001b2
KXNBATOTAL-25NOV08PHXLAC-210,2025-11-09T04:46:16.752997Z,0.68,15,yes,b7a2ce34-3545-7758-4a4b-909e948a76fa
KXNBATOTAL-25NOV08PHXLAC-210,2025-11-09T04:45:02.698591Z,0.68,15,yes,5d349ba9-e0a4-472c-7184-7d974068befa
KXNBATOTAL-25NOV08PHXLAC-210,2025-11-09T04:44:22.124194Z,0.67,284,yes,503d2764-8269-4ba0-afb2-94e74113876e
KXNBATOTAL-25NOV08PHXLAC-210,2025-11-09T04:42:57.896608Z,0.69,28,yes,5ffe78bf-7dcf-654d-501b-fbd08385152d
KXNBATOTAL-25NOV08PHXLAC-210,2025-11-09T04:42:32.010113Z,0.69,167,yes,4f02933b-7ac6-4289-c279-75babd0d34be
KXNBATOTAL-25NOV08PHXLAC-210,2025-11-09T04:42:03.686638Z,0.66,295,yes,77cd167e-4679-5d09-b4c3-73c6f4592f56
KXNBATOTAL-25NOV08PHXLAC-210,2025-11-09T04:41:49.55813Z,0.65,375,yes,4e2493bd-7685-60be-258b-450a17837859
KXNBATOTAL-25NOV08PHXLAC-210,2025-11-09T04:41:31.559404Z,0.68,7,yes,63c91bbd-ee85-7684-2844-7c53a2cc5a2b
KXNBATOTAL-25NOV08PHXLAC-210,2025-11-09T04:40:43.065733Z,0.67,1,yes,67864039-3e8d-54a2-5836-7e64b0b8144f
KXNBATOTAL-25NOV08PHXLAC-210,2025-11-09T04:35:37.257884Z,0.75,50,no,a6cf8f74-d145-6435-42ed-ba58b8852b20
KXNBATOTAL-25NOV08PHXLAC-210,2025-11-09T04:35:37.257884Z,0.79,25,no,927efeaf-7fe0-68fe-4791-71e2cbdc6edd
KXNBATOTAL-25NOV08PHXLAC-210,2025-11-09T04:35:37.257884Z,0.63,26,no,1e507ade-d777-6cbc-6a40-b6fa67005728
KXNBATOTAL-25NOV08PHXLAC-210,2025-11-09T04:24:39.408361Z,0.8,20,no,8b3b6793-2532-44be-69eb-345006e16a57
KXNBATOTAL-25NOV08PHXLAC-210,2025-11-09T04:20:31.616456Z,0.83,25,no,b2e488da-8f09-4bdc-b9c3-7f5c49867e4c
KXNBATOTAL-25NOV08PHXLAC-210,2025-11-09T04:20:31.616456Z,0.8,26,no,58972dc2-cfe3-4dc6-8ac0-4e5600c5c3ed
KXNBATOTAL-25NOV08PHXLAC-210,2025-11-09T04:20:27.493284Z,0.85,49,no,aa145f1d-96b7-429f-6371-44b5e3fa1d59
KXNBATOTAL-25NOV08PHXLAC-210,2025-11-09T04:16:48.581709Z,0.87,2,no,9b5efc31-9ae8-658e-a0cf-e931a6c83fb9
KXNBATOTAL-25NOV08PHXLAC-210,2025-11-09T04:16:48.581709Z,0.85,3,no,8f24de0e-87eb-67f2-99fc-d2157b3aa8a7
KXNBATOTAL-25NOV08PHXLAC-210,2025-11-09T04:16:48.581709Z,0.85,1,no,32cd2747-8cbf-6e5f-8851-eeaf44e51359
KXNBATOTAL-25NOV08PHXLAC-210,2025-11-09T04:06:37.081624Z,0.85,6,no,9831f14d-eccb-6eca-5882-68e492ef3db7
KXNBATOTAL-25NOV08PHXLAC-210,2025-11-09T04:05:51.216487Z,0.85,6,no,998c1af6-804b-7052-c30e-b6dca069837b
KXNBATOTAL-25NOV08PHXLAC-210,2025-11-09T03:57:44.240994Z,0.99,50,yes,4e7dc1b7-9f55-589a-9be2-61dd88668999
KXNBATOTAL-25NOV08PHXLAC-210,2025-11-09T03:43:37.379647Z,0.63,49,no,8c1eb16e-5fe7-7c88-c915-e187068cf40c
KXNBATOTAL-25NOV08PHXLAC-210,2025-11-09T03:26:37.819686Z,0.83,59,yes,6f0cfc6c-b9ac-678d-07bd-6760003351cd
KXNBATOTAL-25NOV08PHXLAC-210,2025-11-09T03:21:32.500863Z,0.83,119,yes,6b6b9093-ccec-7215-e75e-5602032c9eb9
KXNBATOTAL-25NOV08PHXLAC-210,2025-11-09T03:20:19.970541Z,0.78,213,no,8c08fd76-8df9-40df-d972-91f60109ca03
KXNBATOTAL-25NOV08PHXLAC-210,2025-11-09T03:20:19.970541Z,0.79,2,no,01ac5539-c379-40c1-f973-b6666ffebc3e
KXNBATOTAL-25NOV08PHXLAC-210,2025-11-09T02:28:21.514128Z,0.84,2,yes,0a8d776b-bb97-4f9c-455c-7cb212db6943
KXNBATOTAL-25NOV08PHXLAC-210,2025-11-09T02:10:40.311371Z,0.81,10,no,c5cd296e-b935-6ac4-236b-2a553e460cc7
KXNBATOTAL-25NOV08PHXLAC-210,2025-11-09T02:10:40.311371Z,0.78,99,no,4250b60e-96fb-61a9-066c-df2eb3764f42
KXNBATOTAL-25NOV08PHXLAC-210,2025-11-09T01:48:33.407316Z,0.83,5,yes,718f4209-e4c9-56a0-ab94-7f1735055ba4
KXNBATOTAL-25NOV08PHXLAC-210,2025-11-09T01:48:33.407316Z,0.85,24,yes,4b8d5c4f-ee96-5db0-8d1f-e4c91b8c4470
KXNBATOTAL-25NOV08PHXLAC-210,2025-11-09T00:50:10.483188Z,0.82,30,yes,60d0660c-951e-4e97-1269-3be5f92cfe89
KXNBATOTAL-25NOV08PHXLAC-210,2025-11-09T00:49:45.07445Z,0.82,24,yes,4a1f1d4c-e482-561b-3987-24a0f7534a5d
KXNBATOTAL-25NOV08PHXLAC-210,2025-11-09T00:46:17.355498Z,0.82,2,yes,7a9298b6-0de6-6e23-bfec-d75bd3e38ae1
KXNBATOTAL-25NOV08PHXLAC-210,2025-11-08T23:34:35.515746Z,0.83,100,yes,2a38afd3-06e9-5148-72e2-81aad65643e8
KXNBATOTAL-25NOV08PHXLAC-210,2025-11-08T23:19:49.350026Z,0.82,10,yes,aea4dbf3-c522-5b9e-1909-832b914308d6
KXNBATOTAL-25NOV08PHXLAC-210,2025-11-08T23:19:49.350026Z,0.83,85,yes,836605ce-05e9-5410-34db-fe4384606450
KXNBATOTAL-25NOV08PHXLAC-210,2025-11-08T19:12:28.454386Z,0.83,10,yes,b9419a23-9d31-6c3c-c673-25157d125680
