ticker,created_time,price,count,taker_side,trade_id
KXNBATOTAL-25NOV08TORPHI-234,2025-11-09T02:31:20.726673Z,0.99,500,yes,75893806-404c-7d77-a9d7-7c8e606acaa7
KXNBATOTAL-25NOV08TORPHI-234,2025-11-09T02:24:50.632417Z,0.82,30,no,17500271-f12c-5e25-3c45-a790c185fa7a
KXNBATOTAL-25NOV08TORPHI-234,2025-11-09T02:23:43.058059Z,0.82,209,no,5b7b0afc-2720-4ed9-f11a-de8fddeb60da
KXNBATOTAL-25NOV08TORPHI-234,2025-11-09T02:20:29.574376Z,0.81,750,no,924c6727-9eda-429b-bc2d-97a4e3341118
KXNBATOTAL-25NOV08TORPHI-234,2025-11-09T02:20:24.453142Z,0.81,26,yes,6935dbef-9fdd-75ea-3a9f-53c1102ada58
KXNBATOTAL-25NOV08TORPHI-234,2025-11-09T02:20:22.464646Z,0.81,974,yes,6faf06b0-97fd-4c46-ef81-a4c52ea3ecc4
KXNBATOTAL-25NOV08TORPHI-234,2025-11-09T02:10:15.666946Z,0.94,257,yes,fcbf692d-63f9-6d2f-9caf-dae193f5cc8a
KXNBATOTAL-25NOV08TORPHI-234,2025-11-09T02:08:29.596803Z,0.93,999,yes,abaf478d-d6c4-599b-d21b-64a7454ca106
KXNBATOTAL-25NOV08TORPHI-234,2025-11-09T01:50:31.7436Z,0.93,1,yes,7d477e8d-3438-5d0b-3bb6-01930cccc7c6
KXNBATOTAL-25NOV08TORPHI-234,2025-11-09T01:19:14.246344Z,0.94,18,yes,6702caf6-b54d-5d57-46d8-6f5d8e68fe32
KXNBATOTAL-25NOV08TORPHI-234,2025-11-09T01:16:34.5177Z,0.94,25,yes,5291bd6e-abed-6977-d61a-53757e749c62
KXNBATOTAL-25NOV08TORPHI-234,2025-11-09T00:56:53.283785Z,0.8,196,yes,a72c5408-e56c-6754-b7a7-e6fc406f0f30
KXNBATOTAL-25NOV08TORPHI-234,2025-11-09T00:56:02.945337Z,0.8,4,yes,a6df1eef-8dc8-42e0-492b-8d9378f0bd70
KXNBATOTAL-25NOV08TORPHI-234,2025-11-09T00:25:00.226423Z,0.58,20,yes,6ebc58ab-2432-6560-58f4-67dbdc43eb65
KXNBATOTAL-25NOV08TORPHI-234,2025-11-09T00:13:51.554281Z,0.57,20,no,f1e7b77f-97da-4510-92be-af5acb09657c
KXNBATOTAL-25NOV08TORPHI-234,2025-11-09T00:13:51.554281Z,0.56,13,no,4d19660a-fe54-488a-907d-fa01a1b0f51d
KXNBATOTAL-25NOV08TORPHI-234,2025-11-08T22:30:10.97635Z,0.58,9374,yes,73e4dc7a-1cb8-6021-379a-83a65eaa1ece
KXNBATOTAL-25NOV08TORPHI-234,2025-11-08T22:29:52.586487Z,0.58,9647,yes,ea6865fe-bd74-571e-eb9b-39ca6ca5ad58
KXNBATOTAL-25NOV08TORPHI-234,2025-11-08T22:29:52.586487Z,0.58,20,yes,90e6097d-0e1a-537f-d020-e43c945a0536
KXNBATOTAL-25NOV08TORPHI-234,2025-11-08T22:29:52.586487Z,0.58,160,yes,5c9dbb3e-7622-5399-f756-f898618b757c
KXNBATOTAL-25NOV08TORPHI-234,2025-11-08T22:29:52.586487Z,0.58,150,yes,3b6917c0-8745-5c9e-e66c-0617d8e861de
KXNBATOTAL-25NOV08TORPHI-234,2025-11-08T22:29:52.586487Z,0.58,5000,yes,33f37c54-bbab-590b-d65f-32d2ad73045a
KXNBATOTAL-25NOV08TORPHI-234,2025-11-08T22:28:39.265718Z,0.57,20,yes,c30ad1ea-d6d4-6968-d07e-d977533e4b8e
KXNBATOTAL-25NOV08TORPHI-234,2025-11-08T22:28:39.265718Z,0.57,8652,yes,8343fe8d-20a6-6864-ccd3-bcaf9bd10b49
KXNBATOTAL-25NOV08TORPHI-234,2025-11-08T21:42:57.563957Z,0.57,93,yes,f92d211a-7c4a-6b10-a3ff-65c8e5dda541
KXNBATOTAL-25NOV08TORPHI-234,2025-11-08T21:34:30.562018Z,0.57,44,yes,96f63ad9-233e-6db0-7b39-577562a1cf51
KXNBATOTAL-25NOV08TORPHI-234,2025-11-08T21:09:20.771826Z,0.55,8,no,fa501c06-d029-472f-cf38-00493171d80b
KXNBATOTAL-25NOV08TORPHI-234,2025-11-08T19:49:53.797066Z,0.57,650,yes,bfa341ba-9d56-416c-00b4-a1c7e6132b05
KXNBATOTAL-25NOV08TORPHI-234,2025-11-08T19:15:59.895512Z,0.57,69,yes,260c860f-1b52-62ec-cdf7-ef5e4bd80a0d
KXNBATOTAL-25NOV08TORPHI-234,2025-11-08T18:00:38.809927Z,0.57,8,yes,1748b965-6130-57bf-dc3f-934ad31a06a7
KXNBATOTAL-25NOV08TORPHI-234,2025-11-08T17:19:33.989732Z,0.57,8,yes,eefbbf4d-6b28-5867-a883-6cc219b7dffb
KXNBATOTAL-25NOV08TORPHI-234,2025-11-08T16:01:57.590697Z,0.57,42,yes,73ffa38d-5bc0-64c7-c019-2acab5a40dd3
KXNBATOTAL-25NOV08TORPHI-234,2025-11-08T14:30:29.458313Z,0.57,5000,yes,7b4e38f1-1d7e-7dbd-4068-14c834e3d914
KXNBATOTAL-25NOV08TORPHI-234,2025-11-08T14:23:19.942861Z,0.57,2000,yes,f06769b8-3d9b-6104-b9c7-9c58bccf4fff
KXNBATOTAL-25NOV08TORPHI-234,2025-11-08T14:23:19.942861Z,0.57,20,yes,33443fac-9363-6e15-baa2-0a0489ce72ef
KXNBATOTAL-25NOV08TORPHI-234,2025-11-08T14:17:55.879952Z,0.57,2000,yes,8e890a7c-f6ee-7481-404f-df694ddf76af
KXNBATOTAL-25NOV08TORPHI-234,2025-11-08T14:17:55.879952Z,0.57,5000,yes,7b916063-90b4-79d9-5406-a8fbb79a9945
KXNBATOTAL-25NOV08TORPHI-234,2025-11-08T14:17:55.879952Z,0.57,5488,yes,531668f9-0e04-7a63-56c7-e34bd8273b3f
KXNBATOTAL-25NOV08TORPHI-234,2025-11-08T14:17:41.928078Z,0.56,5239,yes,f34a46e6-1dbc-6de7-742b-4a2e0eff54b5
KXNBATOTAL-25NOV08TORPHI-234,2025-11-08T14:17:41.928078Z,0.56,2000,yes,7a5df6bf-f92c-62da-59a0-4adfea4b1c70
KXNBATOTAL-25NOV08TORPHI-234,2025-11-08T14:08:29.800999Z,0.54,20,no,1ac2f804-a1c8-547f-3049-ae2150e2307d
KXNBATOTAL-25NOV08TORPHI-234,2025-11-08T11:22:27.32926Z,0.54,48,no,4e2dc56d-098a-5bfd-2213-9c427a29e311
