ticker,created_time,price,count,taker_side,trade_id
KXNBASPREAD-25NOV08PORMIA-POR2,2025-11-09T03:38:50.425713Z,0.01,209,yes,7eff927e-0924-5216-b706-7823b9c82671
KXNBASPREAD-25NOV08PORMIA-POR2,2025-11-09T03:34:46.878135Z,0.01,239,no,ce2037df-3719-6159-4f06-f6f52aab99a8
KXNBASPREAD-25NOV08PORMIA-POR2,2025-11-09T03:34:23.598696Z,0.01,261,no,a272422c-ec21-5d21-a094-0ef5f3d4f284
KXNBASPREAD-25NOV08PORMIA-POR2,2025-11-09T03:28:43.604955Z,0.06,300,no,ab3874b2-38d6-56c4-0689-870230736c1c
KXNBASPREAD-25NOV08PORMIA-POR2,2025-11-09T03:28:42.381882Z,0.07,235,no,415dd4bb-96b7-4f8e-3545-b83b6ea7e4fa
KXNBASPREAD-25NOV08PORMIA-POR2,2025-11-09T03:28:41.161347Z,0.07,500,no,d19918be-df07-468e-abeb-f64ddd6c6dbe
KXNBASPREAD-25NOV08PORMIA-POR2,2025-11-09T03:28:37.906423Z,0.07,23,no,275d8ea8-91ab-4956-3639-5583ed2719c6
KXNBASPREAD-25NOV08PORMIA-POR2,2025-11-09T03:28:37.247273Z,0.07,121,no,c7914085-9d0f-686a-abeb-4c275eaa9426
KXNBASPREAD-25NOV08PORMIA-POR2,2025-11-09T03:28:35.595947Z,0.07,80,no,e886449b-7b03-587a-578b-348f2893ab06
KXNBASPREAD-25NOV08PORMIA-POR2,2025-11-09T03:28:34.339174Z,0.07,21,no,b9120225-0aef-714a-cbc6-f79ebc0087ee
KXNBASPREAD-25NOV08PORMIA-POR2,2025-11-09T03:27:48.423102Z,0.07,20,no,9f84527b-b083-4ac6-3e26-dbb80e61cf0e
KXNBASPREAD-25NOV08PORMIA-POR2,2025-11-09T03:27:32.246782Z,0.11,800,no,e3700b21-2d43-410a-8fd3-13a125110bae
KXNBASPREAD-25NOV08PORMIA-POR2,2025-11-09T03:27:32.246782Z,0.11,200,no,32841c7d-70f4-46c9-beb7-9953549ee8c3
KXNBASPREAD-25NOV08PORMIA-POR2,2025-11-09T03:14:31.684557Z,0.33,500,yes,024818fb-ca65-6038-5ba7-df491689f091
KXNBASPREAD-25NOV08PORMIA-POR2,2025-11-09T03:11:12.451739Z,0.48,26,yes,26f26320-3a78-57f2-8d5d-8f791bd929f3
KXNBASPREAD-25NOV08PORMIA-POR2,2025-11-09T03:10:40.632096Z,0.49,60,yes,339f8537-0277-657c-37ac-f726498f8206
KXNBASPREAD-25NOV08PORMIA-POR2,2025-11-09T03:10:28.082248Z,0.49,9,yes,9bf9ad8c-d093-6d81-51a3-d83aaab4a1b2
KXNBASPREAD-25NOV08PORMIA-POR2,2025-11-09T03:09:15.50204Z,0.48,20,yes,3fd40698-0620-4e1f-1256-23d59ee26848
KXNBASPREAD-25NOV08PORMIA-POR2,2025-11-09T03:09:06.749984Z,0.47,49,yes,6efc524a-4281-4d16-aa03-89b409fac113
KXNBASPREAD-25NOV08PORMIA-POR2,2025-11-09T03:07:55.474749Z,0.47,84,yes,f934317e-cb9d-43f9-2f03-ad95b18ea4c4
KXNBASPREAD-25NOV08PORMIA-POR2,2025-11-09T03:07:44.434683Z,0.47,10,yes,14fb8160-2379-6b05-b873-6f2232060fe4
KXNBASPREAD-25NOV08PORMIA-POR2,2025-11-09T03:05:17.215735Z,0.3,500,no,75972ab9-8362-55fb-f758-fb9094edd73d
KXNBASPREAD-25NOV08PORMIA-POR2,2025-11-09T03:05:06.677651Z,0.38,500,no,0202ec8d-ae1e-5070-fe0c-6aaa68d74791
KXNBASPREAD-25NOV08PORMIA-POR2,2025-11-09T02:58:35.264183Z,0.45,3,yes,b06d28e1-32f3-5c7d-9cb1-77399ef0ef7e
KXNBASPREAD-25NOV08PORMIA-POR2,2025-11-09T02:58:34.046137Z,0.45,7,yes,15e200f7-4ee3-5989-7726-1ffe0c9d7076
KXNBASPREAD-25NOV08PORMIA-POR2,2025-11-09T02:58:32.823872Z,0.45,4,yes,b38e9ae5-f203-4951-bb26-336769e42f7e
KXNBASPREAD-25NOV08PORMIA-POR2,2025-11-09T02:57:05.658162Z,0.36,21,yes,d1b47ccd-8a29-72ce-0fa7-cc8ae8155945
KXNBASPREAD-25NOV08PORMIA-POR2,2025-11-09T02:45:23.981251Z,0.14,8,no,d5f19a5a-f54b-4fe3-34e5-f3d58afb5ae2
KXNBASPREAD-25NOV08PORMIA-POR2,2025-11-09T02:44:06.11579Z,0.19,200,no,623dda35-faa6-7bb5-c37a-6cd3caf5c337
KXNBASPREAD-25NOV08PORMIA-POR2,2025-11-09T02:37:33.825309Z,0.39,500,no,74293022-31ca-67ba-bb01-1e2fa668f5d0
KXNBASPREAD-25NOV08PORMIA-POR2,2025-11-09T02:36:38.524912Z,0.46,500,no,23305c4d-f809-6b43-db29-d7d38d25b8d3
KXNBASPREAD-25NOV08PORMIA-POR2,2025-11-09T02:32:23.885465Z,0.43,41,yes,0133a222-6717-618e-b513-e8e466aeb0e1
KXNBASPREAD-25NOV08PORMIA-POR2,2025-11-09T02:29:12.430563Z,0.25,363,no,3eed71ec-8314-7682-a003-1a9795a9ec5e
KXNBASPREAD-25NOV08PORMIA-POR2,2025-11-09T02:08:06.035396Z,0.42,500,no,c3ea530c-b65d-48c4-f985-552b6a8af722
KXNBASPREAD-25NOV08PORMIA-POR2,2025-11-09T01:47:32.211592Z,0.5,100,no,63b255a7-4145-7295-1b82-78bc8691c37a
KXNBASPREAD-25NOV08PORMIA-POR2,2025-11-09T01:39:29.419668Z,0.57,22,no,42c48b03-5dc2-4757-f589-aef030221057
KXNBASPREAD-25NOV08PORMIA-POR2,2025-11-09T01:09:47.989636Z,0.57,255,yes,1c8c5875-33e7-7c46-ab3e-66ed46babb31
KXNBASPREAD-25NOV08PORMIA-POR2,2025-11-09T01:08:00.068263Z,0.54,523,no,b639a46b-7630-74b8-9180-fe2f3192eebd
KXNBASPREAD-25NOV08PORMIA-POR2,2025-11-09T01:07:16.794723Z,0.56,43,yes,f731b680-2f58-496d-fd98-00a3705cf2bb
KXNBASPREAD-25NOV08PORMIA-POR2,2025-11-09T01:05:52.254033Z,0.56,2000,yes,98217f9f-a75c-6909-e53b-c8b41be11f81
KXNBASPREAD-25NOV08PORMIA-POR2,2025-11-09T01:05:52.254033Z,0.56,4000,yes,634764af-7018-62d4-d56b-fda42b81f085
KXNBASPREAD-25NOV08PORMIA-POR2,2025-11-09T01:05:39.497793Z,0.56,46,yes,56a08805-b952-64fe-d6bc-76ac4ffc7c40
KXNBASPREAD-25NOV08PORMIA-POR2,2025-11-09T01:04:22.538228Z,0.56,8,yes,41c18739-bdc6-518a-02ef-95d7143506b8
KXNBASPREAD-25NOV08PORMIA-POR2,2025-11-09T01:01:20.391564Z,0.56,212,yes,5da35621-1e31-5612-1c78-bbe86fc13ada
KXNBASPREAD-25NOV08PORMIA-POR2,2025-11-09T00:58:30.296885Z,0.56,8,yes,1647eccd-6039-5272-cfb2-1298d017d232
KXNBASPREAD-25NOV08PORMIA-POR2,2025-11-09T00:51:58.589538Z,0.56,5,yes,7dade346-c8f1-6bf2-8b04-d3d10925592a
KXNBASPREAD-25NOV08PORMIA-POR2,2025-11-09T00:51:42.530366Z,0.54,77,no,fd2b021e-3adc-6859-8c0d-63220989bafe
KXNBASPREAD-25NOV08PORMIA-POR2,2025-11-09T00:51:42.530366Z,0.54,100,no,5fb267da-4179-6266-9faa-ac3159bde76e
KXNBASPREAD-25NOV08PORMIA-POR2,2025-11-09T00:51:42.530366Z,0.54,32,no,3bc5d3d5-feb0-6abb-9cc7-db56ed37b72f
KXNBASPREAD-25NOV08PORMIA-POR2,2025-11-09T00:47:31.501482Z,0.56,17,yes,65375302-8289-700a-7c4c-70e466aca107
KXNBASPREAD-25NOV08PORMIA-POR2,2025-11-09T00:41:18.349857Z,0.56,20,yes,16b7ed5b-d841-525e-37b3-ef49bffdd54f
KXNBASPREAD-25NOV08PORMIA-POR2,2025-11-09T00:38:34.739389Z,0.56,86,yes,9160dbf7-a0de-7a5c-7b9b-f7ef7969a845
KXNBASPREAD-25NOV08PORMIA-POR2,2025-11-09T00:30:52.574159Z,0.56,17,yes,16a6e6a4-6092-4fd8-7a79-ceb0733e4bcd
KXNBASPREAD-25NOV08PORMIA-POR2,2025-11-09T00:28:49.897671Z,0.56,2,yes,26477c8c-c7ee-44d0-f5fe-9453c4083715
KXNBASPREAD-25NOV08PORMIA-POR2,2025-11-09T00:26:36.611102Z,0.56,17,yes,88d4b3fe-38da-6230-13d6-82669edea655
KXNBASPREAD-25NOV08PORMIA-POR2,2025-11-09T00:16:48.035482Z,0.55,17,yes,7a9e8e38-c5f0-5e45-0c4a-0c806cea4bad
KXNBASPREAD-25NOV08PORMIA-POR2,2025-11-09T00:14:41.830606Z,0.54,4,no,1b952242-02aa-4e84-8eed-34d770d051b6
KXNBASPREAD-25NOV08PORMIA-POR2,2025-11-09T00:10:46.402799Z,0.55,17,yes,f9e55a9c-4bf8-70b5-dadb-4cf4b340ca5d
KXNBASPREAD-25NOV08PORMIA-POR2,2025-11-09T00:07:23.901712Z,0.54,52,no,a7dfafb5-2bfa-50ec-aed1-0cc7fc648cee
KXNBASPREAD-25NOV08PORMIA-POR2,2025-11-08T23:54:09.841835Z,0.54,2,no,ed7c3a43-e79e-7df0-c6ec-12aa30233696
KXNBASPREAD-25NOV08PORMIA-POR2,2025-11-08T22:31:00.698661Z,0.57,43,yes,532ce82c-5f17-4e76-a6df-1dda2341f28d
KXNBASPREAD-25NOV08PORMIA-POR2,2025-11-08T22:24:45.860866Z,0.55,26,no,8871b1f3-27b9-76e2-01c8-7014a98e0c0f
KXNBASPREAD-25NOV08PORMIA-POR2,2025-11-08T22:24:45.860866Z,0.54,26,no,267bb6a4-6470-7f1a-3a82-176deecbaa79
KXNBASPREAD-25NOV08PORMIA-POR2,2025-11-08T22:17:27.969149Z,0.56,519,yes,0cc5ded3-14da-60a3-1319-508414967841
KXNBASPREAD-25NOV08PORMIA-POR2,2025-11-08T22:11:55.794593Z,0.55,2,no,94f88b12-2925-768a-3452-c69d4f2c0eaf
KXNBASPREAD-25NOV08PORMIA-POR2,2025-11-08T21:57:17.22411Z,0.55,8,no,a8706795-6391-656e-54a1-631db33c703f
KXNBASPREAD-25NOV08PORMIA-POR2,2025-11-08T21:05:19.093155Z,0.56,129,yes,5762417c-d77e-66bb-1267-b23f6a7d4a91
KXNBASPREAD-25NOV08PORMIA-POR2,2025-11-08T19:57:36.236625Z,0.57,50,yes,3d111f07-34fb-5b02-1b2b-2ffa063eec91
KXNBASPREAD-25NOV08PORMIA-POR2,2025-11-08T19:33:35.259783Z,0.57,405,yes,d6b2eb33-fecb-6566-b816-045b8441f159
KXNBASPREAD-25NOV08PORMIA-POR2,2025-11-08T19:29:21.85401Z,0.57,34,yes,5c5b0810-c7c3-50aa-6311-a1e87ec00ebd
KXNBASPREAD-25NOV08PORMIA-POR2,2025-11-08T19:26:50.640653Z,0.57,8,yes,6112b526-ac0f-4af6-bf15-d795fb377f35
KXNBASPREAD-25NOV08PORMIA-POR2,2025-11-08T19:24:36.754464Z,0.57,20,yes,55f3e004-3c5f-45ae-9010-a157d8a11e69
KXNBASPREAD-25NOV08PORMIA-POR2,2025-11-08T18:30:01.349051Z,0.56,363,yes,632c03aa-1400-7641-9d28-898a7c4a9377
KXNBASPREAD-25NOV08PORMIA-POR2,2025-11-08T17:49:53.678688Z,0.54,104,no,fdbecbdb-2424-71fe-fac2-68d45fca3455
KXNBASPREAD-25NOV08PORMIA-POR2,2025-11-08T17:32:13.286196Z,0.55,17,yes,40a52b4e-3059-56fe-94dc-c61cb1a84d27
KXNBASPREAD-25NOV08PORMIA-POR2,2025-11-08T16:20:58.897361Z,0.55,38,yes,0210fa64-76fd-59ae-459e-4040adce9e27
KXNBASPREAD-25NOV08PORMIA-POR2,2025-11-08T14:23:17.606448Z,0.55,652,yes,bc481011-d06c-6c40-bf48-242e87a4e0cf
