ticker,created_time,price,count,taker_side,trade_id
KXNBASPREAD-25NOV08LALATL-LAL6,2025-11-09T02:33:42.586811Z,0.01,394,no,6d97abe2-35ba-69c1-63b4-b1304a8267f2
KXNBASPREAD-25NOV08LALATL-LAL6,2025-11-09T02:30:15.73713Z,0.01,106,no,51034f77-cad6-5e91-db06-70ec464d33ba
KXNBASPREAD-25NOV08LALATL-LAL6,2025-11-09T02:29:37.67758Z,0.06,103,no,a886fe0c-af73-72f7-fde7-67238ae25bc7
KXNBASPREAD-25NOV08LALATL-LAL6,2025-11-09T02:29:37.67758Z,0.06,307,no,57fca4b3-4722-71ac-d74d-5da03c13f5c7
KXNBASPREAD-25NOV08LALATL-LAL6,2025-11-09T02:13:13.255573Z,0.06,197,no,2eb53f3f-3607-4f5b-5764-c676a98305df
KXNBASPREAD-25NOV08LALATL-LAL6,2025-11-09T02:13:13.255573Z,0.11,110,no,18d0ba77-a369-4d99-79bc-eaff33ae9ac9
KXNBASPREAD-25NOV08LALATL-LAL6,2025-11-09T02:06:20.190334Z,0.11,50,no,bbe10ea6-7989-7685-ed2a-5fde7b334da5
KXNBASPREAD-25NOV08LALATL-LAL6,2025-11-09T01:54:15.834169Z,0.11,20,no,ed66add2-6805-6211-6f24-25ea1e66a409
KXNBASPREAD-25NOV08LALATL-LAL6,2025-11-09T01:52:44.737225Z,0.11,20,no,04e06ce5-5ebd-65e9-fb0e-83a80dd28f51
KXNBASPREAD-25NOV08LALATL-LAL6,2025-11-09T01:47:47.7742Z,0.26,5,no,d38108bb-aa72-69ed-061c-592a686acf2d
KXNBASPREAD-25NOV08LALATL-LAL6,2025-11-09T01:47:47.7742Z,0.2,20,no,83453aa1-5568-63d6-16c1-23d17db53be4
KXNBASPREAD-25NOV08LALATL-LAL6,2025-11-09T01:47:47.7742Z,0.17,274,no,0d0baed8-e937-67ac-2c1c-4fb5d45a6e05
KXNBASPREAD-25NOV08LALATL-LAL6,2025-11-09T01:45:00.947245Z,0.26,5,no,f93a02bb-e24a-4041-5603-9b2713221695
KXNBASPREAD-25NOV08LALATL-LAL6,2025-11-09T01:42:17.730895Z,0.34,3,yes,89108b0b-324c-4e34-6ac6-b85bfc1e9c6c
KXNBASPREAD-25NOV08LALATL-LAL6,2025-11-09T01:41:03.300429Z,0.62,10,yes,dcb297cb-25a0-42aa-827b-afa7c0566c24
KXNBASPREAD-25NOV08LALATL-LAL6,2025-11-09T01:41:03.300429Z,0.73,18,yes,28beaa9d-b049-46ad-814f-19d94369f7b3
KXNBASPREAD-25NOV08LALATL-LAL6,2025-11-09T01:36:40.966332Z,0.38,14,yes,5cb6792a-a25e-4b80-05dc-a07e844da6d8
KXNBASPREAD-25NOV08LALATL-LAL6,2025-11-09T01:36:15.484941Z,0.41,17,yes,0496936a-26b2-7c9f-8338-7fe401c888dc
KXNBASPREAD-25NOV08LALATL-LAL6,2025-11-09T01:33:29.702962Z,0.39,24,yes,d74c5f72-5429-64e7-a662-728d6d4665b1
KXNBASPREAD-25NOV08LALATL-LAL6,2025-11-09T01:33:02.444237Z,0.31,106,no,cc652f8c-98e0-6a8c-ec99-42ac55120867
KXNBASPREAD-25NOV08LALATL-LAL6,2025-11-09T01:31:09.432659Z,0.19,150,no,6aff624a-e50c-4cc0-1afe-5797664eae86
KXNBASPREAD-25NOV08LALATL-LAL6,2025-11-09T01:31:09.432659Z,0.19,88,no,500a5ded-0830-4852-073a-fa9b73aa5bfd
KXNBASPREAD-25NOV08LALATL-LAL6,2025-11-09T01:29:35.974935Z,0.19,50,no,ab9e6586-0c28-6d4c-93f1-240b4aaf2f76
KXNBASPREAD-25NOV08LALATL-LAL6,2025-11-09T01:25:07.80646Z,0.35,17,yes,23217135-0ee7-6215-2867-991235104528
KXNBASPREAD-25NOV08LALATL-LAL6,2025-11-09T01:24:46.534151Z,0.3,500,no,20720534-a102-7eb7-664c-ea9ec3084f0d
KXNBASPREAD-25NOV08LALATL-LAL6,2025-11-09T01:22:03.81091Z,0.39,27,yes,9de0d4af-a5e7-5844-69c9-3b4acb0592fb
KXNBASPREAD-25NOV08LALATL-LAL6,2025-11-09T01:21:40.751712Z,0.4,119,yes,57e6ce0d-e2a2-43dd-4efd-536c4ca87504
KXNBASPREAD-25NOV08LALATL-LAL6,2025-11-09T01:21:36.756153Z,0.4,239,yes,9ea0513c-d52e-6571-0619-f241324417c8
KXNBASPREAD-25NOV08LALATL-LAL6,2025-11-09T01:21:09.967033Z,0.38,13,yes,e85f4706-5c87-72da-ab45-cfa57ace85ba
KXNBASPREAD-25NOV08LALATL-LAL6,2025-11-09T01:19:41.546478Z,0.39,73,yes,a7dfa8d9-e031-69b2-26ea-6506136d3d09
KXNBASPREAD-25NOV08LALATL-LAL6,2025-11-09T01:17:20.293593Z,0.35,5,yes,ff1ec97d-5c54-7269-771c-0a62ee714187
KXNBASPREAD-25NOV08LALATL-LAL6,2025-11-09T01:16:28.598012Z,0.35,22,yes,8fe0b6bd-12b4-6f7d-e760-0c2626835463
KXNBASPREAD-25NOV08LALATL-LAL6,2025-11-09T01:16:04.965764Z,0.36,26,yes,00dbc50e-3a11-5a4f-d998-0e97ed357894
KXNBASPREAD-25NOV08LALATL-LAL6,2025-11-09T01:13:54.181751Z,0.39,24,yes,072c7527-3821-7ac6-5b78-9a26edcd7cef
KXNBASPREAD-25NOV08LALATL-LAL6,2025-11-09T01:13:52.123864Z,0.42,4,yes,d9bac6d2-ef0c-6727-ef57-2a74fecdc613
KXNBASPREAD-25NOV08LALATL-LAL6,2025-11-09T01:11:08.300683Z,0.47,10,yes,58d293a8-e66b-721f-05af-10383d83dd2e
KXNBASPREAD-25NOV08LALATL-LAL6,2025-11-09T01:10:26.595428Z,0.47,10,yes,03314508-4710-66d1-df66-c7382d6400c0
KXNBASPREAD-25NOV08LALATL-LAL6,2025-11-09T01:10:25.783276Z,0.47,6,yes,58dae015-e994-6b39-8c8f-44dec2bc0fbc
KXNBASPREAD-25NOV08LALATL-LAL6,2025-11-09T01:10:19.205455Z,0.47,51,yes,6abfdecf-834c-6825-2e1d-f29b5c29666c
KXNBASPREAD-25NOV08LALATL-LAL6,2025-11-09T01:10:16.130149Z,0.47,41,yes,e3490965-a4e8-5f75-74d1-da0031207314
KXNBASPREAD-25NOV08LALATL-LAL6,2025-11-09T01:10:04.24401Z,0.47,68,yes,8591c85b-94d8-4641-328d-2e128a5949a8
KXNBASPREAD-25NOV08LALATL-LAL6,2025-11-09T01:09:33.33062Z,0.47,30,yes,6b4fd24b-2884-7bdd-47a9-a986607307d4
KXNBASPREAD-25NOV08LALATL-LAL6,2025-11-09T01:07:37.083968Z,0.47,102,yes,11c4b50f-29f4-5fb9-4108-5cbd985805e0
KXNBASPREAD-25NOV08LALATL-LAL6,2025-11-09T01:07:09.853158Z,0.47,20,yes,b46af53e-bb68-54e9-0e43-1fcdb12ebce8
KXNBASPREAD-25NOV08LALATL-LAL6,2025-11-09T01:06:44.616103Z,0.47,10,yes,925a7027-0c50-6d71-b44e-0daecc140f28
KXNBASPREAD-25NOV08LALATL-LAL6,2025-11-09T01:06:23.128507Z,0.47,41,yes,1b9c3c58-96b4-6f71-4e30-ba5a3d97d60c
KXNBASPREAD-25NOV08LALATL-LAL6,2025-11-09T01:06:07.225308Z,0.47,51,yes,c889a8e8-22cc-6d71-6155-b2c2b6404eb8
KXNBASPREAD-25NOV08LALATL-LAL6,2025-11-09T01:05:19.416349Z,0.47,51,yes,577088db-41cc-50f9-89c1-5739ff9014d0
KXNBASPREAD-25NOV08LALATL-LAL6,2025-11-09T01:04:42.234902Z,0.48,80,yes,b60617c8-5d93-7c08-522c-8a62f3892d69
KXNBASPREAD-25NOV08LALATL-LAL6,2025-11-09T01:04:40.144337Z,0.48,10,yes,1d87fda9-d86f-4c54-6f7f-2f4bd29472bd
KXNBASPREAD-25NOV08LALATL-LAL6,2025-11-09T01:04:39.640362Z,0.48,801,yes,e323f510-49bb-7338-cea8-655b6eb09da5
KXNBASPREAD-25NOV08LALATL-LAL6,2025-11-09T01:04:24.136278Z,0.48,50,yes,b06e8d65-b123-58c8-a42d-2ec15ad4e245
KXNBASPREAD-25NOV08LALATL-LAL6,2025-11-09T01:02:56.384199Z,0.48,389,yes,e460b3be-59d3-79d4-d9ee-82cf963cd8f1
KXNBASPREAD-25NOV08LALATL-LAL6,2025-11-09T01:02:14.391868Z,0.48,40,yes,ef3f94a1-b73f-446c-7ee3-77922639fd99
KXNBASPREAD-25NOV08LALATL-LAL6,2025-11-09T01:01:55.597899Z,0.48,30,yes,3ecc8249-0b43-6e08-a5a0-06cf811860bd
KXNBASPREAD-25NOV08LALATL-LAL6,2025-11-09T01:01:16.331888Z,0.48,2,yes,d5f4de66-88e7-4f1c-5705-0fbea94e0e8d
KXNBASPREAD-25NOV08LALATL-LAL6,2025-11-09T01:01:07.165556Z,0.47,30,yes,43645b75-ab53-626d-be4e-fae6d33592f3
KXNBASPREAD-25NOV08LALATL-LAL6,2025-11-09T01:00:28.091433Z,0.47,10,yes,7cc7c88f-0883-6109-4c06-7616193926f7
KXNBASPREAD-25NOV08LALATL-LAL6,2025-11-09T01:00:20.840051Z,0.47,133,yes,48fadf84-fc6b-7bfd-b3ed-2c3fe7f55113
KXNBASPREAD-25NOV08LALATL-LAL6,2025-11-09T01:00:16.980851Z,0.47,201,yes,e6fc8b98-8ed3-4b5d-460b-77fb00a2bb4f
KXNBASPREAD-25NOV08LALATL-LAL6,2025-11-09T01:00:15.955064Z,0.47,10,yes,1dca2362-2317-7229-3fcf-6c79257a7503
KXNBASPREAD-25NOV08LALATL-LAL6,2025-11-09T01:00:07.952979Z,0.47,20,yes,4834dce8-a88f-6ee5-e519-73e1fef8a97b
KXNBASPREAD-25NOV08LALATL-LAL6,2025-11-09T00:59:23.310944Z,0.47,643,yes,73e96e86-e183-47c1-c2cb-7bed70906773
KXNBASPREAD-25NOV08LALATL-LAL6,2025-11-09T00:58:16.442734Z,0.47,821,yes,85ee7707-eb0b-76a1-a43b-968bb197363b
KXNBASPREAD-25NOV08LALATL-LAL6,2025-11-09T00:58:04.642153Z,0.47,8,yes,36b13da2-a1db-6f45-5a9c-dd6ab3442607
KXNBASPREAD-25NOV08LALATL-LAL6,2025-11-09T00:58:02.976387Z,0.47,84,yes,2963c4c6-846f-65a9-e1ef-4bfdca148043
KXNBASPREAD-25NOV08LALATL-LAL6,2025-11-09T00:57:45.419538Z,0.47,21,yes,9021d5e1-6abf-43b1-2638-35b53e6436d7
KXNBASPREAD-25NOV08LALATL-LAL6,2025-11-09T00:57:43.69843Z,0.47,241,yes,ea0dd3d2-4937-4059-1415-d6489ae48237
KXNBASPREAD-25NOV08LALATL-LAL6,2025-11-09T00:57:15.575034Z,0.47,20,yes,53b14dd5-a78f-65a9-3fde-eaef9824e03b
KXNBASPREAD-25NOV08LALATL-LAL6,2025-11-09T00:57:01.723372Z,0.47,22,yes,4209ede3-6123-7635-9e18-662452831f37
KXNBASPREAD-25NOV08LALATL-LAL6,2025-11-09T00:52:32.66897Z,0.47,102,yes,1d856e10-bbc7-5305-401b-e3878186df13
KXNBASPREAD-25NOV08LALATL-LAL6,2025-11-09T00:52:04.820769Z,0.47,307,yes,23db2047-3f17-602d-bc76-4dfcdd956a47
KXNBASPREAD-25NOV08LALATL-LAL6,2025-11-09T00:52:00.611997Z,0.47,102,yes,ecf5eea4-2ffb-66b9-4c17-39168cb63dab
KXNBASPREAD-25NOV08LALATL-LAL6,2025-11-09T00:49:43.901425Z,0.47,410,yes,a2ee8537-8f6f-5a65-5a3a-d0045fc18d57
KXNBASPREAD-25NOV08LALATL-LAL6,2025-11-09T00:48:49.652586Z,0.47,307,yes,a1d9a8b0-a75f-7155-6222-7c1e4c24af87
KXNBASPREAD-25NOV08LALATL-LAL6,2025-11-09T00:47:44.196336Z,0.47,10,yes,16933792-d1f3-7035-9c0e-6e3e2588a277
KXNBASPREAD-25NOV08LALATL-LAL6,2025-11-09T00:45:34.035967Z,0.47,20,yes,f926428c-1d67-766d-85e4-fb5504663fc3
KXNBASPREAD-25NOV08LALATL-LAL6,2025-11-09T00:45:17.462663Z,0.47,51,yes,951d698b-cac7-50b1-42bd-ddfa221b1dcb
KXNBASPREAD-25NOV08LALATL-LAL6,2025-11-09T00:40:15.822167Z,0.47,10,yes,e8615849-8ac4-4b26-7027-81602226f009
KXNBASPREAD-25NOV08LALATL-LAL6,2025-11-09T00:36:30.537113Z,0.47,51,yes,010a5f59-37b8-6a8e-ae42-b3bd96cf19f5
KXNBASPREAD-25NOV08LALATL-LAL6,2025-11-09T00:36:18.211296Z,0.47,10,yes,a8f3ebaf-ca10-4a3f-dda7-88bec2ece7b5
KXNBASPREAD-25NOV08LALATL-LAL6,2025-11-09T00:34:49.467165Z,0.47,1234,yes,1a5fddb9-f4c4-4eab-c774-bad9b9f293dd
KXNBASPREAD-25NOV08LALATL-LAL6,2025-11-09T00:34:49.467165Z,0.47,850,yes,03ad61c1-9498-4f22-c071-26b82c694059
KXNBASPREAD-25NOV08LALATL-LAL6,2025-11-09T00:33:49.621465Z,0.47,82,yes,239bcf14-fea0-7c7e-17e5-47225a68360d
KXNBASPREAD-25NOV08LALATL-LAL6,2025-11-09T00:32:33.355358Z,0.45,176,no,38bf06d0-bc8f-4dde-81e4-a87049c11fc2
KXNBASPREAD-25NOV08LALATL-LAL6,2025-11-09T00:30:28.007149Z,0.45,264,no,546c71f8-604b-53ba-6806-cdd022ac9b1a
KXNBASPREAD-25NOV08LALATL-LAL6,2025-11-09T00:27:52.266337Z,0.45,25,no,1c162d43-a1b7-41ae-d882-e2bf22e05c9a
KXNBASPREAD-25NOV08LALATL-LAL6,2025-11-09T00:26:31.260145Z,0.46,238,yes,e880c127-b388-6f3f-5dd9-9b55a09b039d
KXNBASPREAD-25NOV08LALATL-LAL6,2025-11-09T00:26:21.094426Z,0.46,20,yes,2e5efc9c-df50-7603-0d84-4e7c152f17e1
KXNBASPREAD-25NOV08LALATL-LAL6,2025-11-09T00:26:13.148424Z,0.46,1067,yes,a9224e82-0e08-481b-1150-79e0f464b099
KXNBASPREAD-25NOV08LALATL-LAL6,2025-11-09T00:23:49.855874Z,0.46,58,yes,c08c5811-b2c4-4d9b-4548-698416f080e1
KXNBASPREAD-25NOV08LALATL-LAL6,2025-11-09T00:23:18.47362Z,0.46,6,yes,0d6ad662-2d18-5963-6f02-349421d17289
KXNBASPREAD-25NOV08LALATL-LAL6,2025-11-09T00:22:58.903266Z,0.46,99,yes,6ae6d3a5-b5e8-564b-36aa-31d443a9539d
KXNBASPREAD-25NOV08LALATL-LAL6,2025-11-09T00:22:24.191305Z,0.46,62,yes,90581e20-2e20-6e7b-74c6-eeecdd54216d
KXNBASPREAD-25NOV08LALATL-LAL6,2025-11-09T00:19:07.288404Z,0.46,104,yes,04f14a6c-9310-6d27-fddc-9dc1c0e41a8d
KXNBASPREAD-25NOV08LALATL-LAL6,2025-11-09T00:18:50.371074Z,0.46,261,yes,a8a4b67d-2510-79ff-d0ce-5dc092a67781
KXNBASPREAD-25NOV08LALATL-LAL6,2025-11-09T00:16:16.451676Z,0.46,209,yes,7914facc-0514-5027-263d-4e90a0591881
KXNBASPREAD-25NOV08LALATL-LAL6,2025-11-09T00:14:06.103697Z,0.46,104,yes,3ad36236-0288-5f93-4e81-1881516fe3ed
KXNBASPREAD-25NOV08LALATL-LAL6,2025-11-09T00:13:33.588271Z,0.46,20,yes,7a5c6505-3f1c-5097-dd7f-ea9975245769
KXNBASPREAD-25NOV08LALATL-LAL6,2025-11-09T00:13:22.681444Z,0.46,104,yes,d2c69d6c-412c-654b-5a8c-b3253678c751
KXNBASPREAD-25NOV08LALATL-LAL6,2025-11-09T00:09:53.618914Z,0.47,615,yes,311439ac-6708-4322-7f61-7c0f9a258b95
KXNBASPREAD-25NOV08LALATL-LAL6,2025-11-09T00:08:49.106413Z,0.47,205,yes,936526e5-dcfc-62e6-9072-c13124f14ff5
KXNBASPREAD-25NOV08LALATL-LAL6,2025-11-09T00:08:36.258689Z,0.47,201,yes,76cc6907-69d0-6f92-5fa5-d5d8370d351d
KXNBASPREAD-25NOV08LALATL-LAL6,2025-11-09T00:08:22.469575Z,0.47,4,yes,230e1983-a420-4792-f2c5-196c07524e69
KXNBASPREAD-25NOV08LALATL-LAL6,2025-11-09T00:08:03.714415Z,0.46,8912,yes,d0f4323e-ba98-5799-d5f8-3a5a0eb61321
KXNBASPREAD-25NOV08LALATL-LAL6,2025-11-09T00:08:03.714415Z,0.47,7952,yes,a88bb9fd-1f0c-58b2-dd1c-0b6250112875
KXNBASPREAD-25NOV08LALATL-LAL6,2025-11-09T00:08:03.714415Z,0.45,4000,yes,750fa87d-34a6-57da-efae-22be1231547d
KXNBASPREAD-25NOV08LALATL-LAL6,2025-11-09T00:06:03.748889Z,0.43,42,no,ff38af93-2948-7e4a-b4fe-58ba007558da
KXNBASPREAD-25NOV08LALATL-LAL6,2025-11-09T00:05:41.196173Z,0.45,813,yes,9bd8f827-2bee-79da-dc78-271a9230d9f1
KXNBASPREAD-25NOV08LALATL-LAL6,2025-11-09T00:05:01.138354Z,0.45,106,yes,7e32bafb-6ce2-43ee-d906-51474f7a95a9
KXNBASPREAD-25NOV08LALATL-LAL6,2025-11-08T23:55:00.92872Z,0.45,47,yes,0202c508-109f-795b-c2ea-d537b2e12d57
KXNBASPREAD-25NOV08LALATL-LAL6,2025-11-08T23:54:43.334371Z,0.45,299,yes,f27953fc-a2a3-50fb-d193-66344a8cf45f
KXNBASPREAD-25NOV08LALATL-LAL6,2025-11-08T23:53:17.56467Z,0.45,74,yes,1a0ca38d-49ab-6bb7-bc12-5948da5d9ccb
KXNBASPREAD-25NOV08LALATL-LAL6,2025-11-08T23:48:46.460369Z,0.45,427,yes,0d0b3d78-4d9b-71e3-128a-d84abd43931b
KXNBASPREAD-25NOV08LALATL-LAL6,2025-11-08T23:48:34.476974Z,0.45,10,yes,08f646e4-1f47-67cb-08c6-c9ef0d4d23d3
KXNBASPREAD-25NOV08LALATL-LAL6,2025-11-08T23:46:41.256478Z,0.45,10,yes,ba196b16-b973-62f3-b303-9901448e9a93
KXNBASPREAD-25NOV08LALATL-LAL6,2025-11-08T23:43:32.197348Z,0.45,42,yes,c359b95a-be0f-42f7-4e95-f49be2e80e87
KXNBASPREAD-25NOV08LALATL-LAL6,2025-11-08T23:42:06.859337Z,0.45,216,yes,377543e3-056f-43ff-18e2-74a233361f6b
KXNBASPREAD-25NOV08LALATL-LAL6,2025-11-08T23:29:12.470255Z,0.45,427,yes,b59d7a25-70d3-553b-9128-21876ac02bff
KXNBASPREAD-25NOV08LALATL-LAL6,2025-11-08T23:27:57.120003Z,0.45,106,yes,71f9efe5-fcf7-7c5b-5f32-414a3c47e6e7
KXNBASPREAD-25NOV08LALATL-LAL6,2025-11-08T23:26:19.472815Z,0.45,42,yes,bfcd590b-35a3-7d73-84dc-540a0d82206f
KXNBASPREAD-25NOV08LALATL-LAL6,2025-11-08T23:22:58.538365Z,0.45,60,yes,acb9e499-15f2-6cd5-de82-98f31d94fa52
KXNBASPREAD-25NOV08LALATL-LAL6,2025-11-08T23:20:03.624682Z,0.47,205,yes,390b9f05-67d3-6e03-d1d7-db7fe8c376c7
KXNBASPREAD-25NOV08LALATL-LAL6,2025-11-08T23:18:32.035814Z,0.45,64,yes,24343326-3a37-7d61-aeb3-051e830a2f36
KXNBASPREAD-25NOV08LALATL-LAL6,2025-11-08T23:16:13.766478Z,0.44,54,yes,3204ab66-7f6e-709e-ac9d-6b6d3e379cca
KXNBASPREAD-25NOV08LALATL-LAL6,2025-11-08T23:08:12.40862Z,0.44,10,yes,6eb57006-eeda-7afe-3b92-92eded506252
KXNBASPREAD-25NOV08LALATL-LAL6,2025-11-08T23:00:30.10724Z,0.44,109,yes,757cf024-678e-785a-f691-d7eaa3d88872
KXNBASPREAD-25NOV08LALATL-LAL6,2025-11-08T22:55:45.983822Z,0.44,21,yes,048ce027-003a-5686-8357-bcf58b394166
KXNBASPREAD-25NOV08LALATL-LAL6,2025-11-08T22:51:46.420513Z,0.44,1093,yes,e23098c6-88b2-5cfa-378c-3e7670cf7822
KXNBASPREAD-25NOV08LALATL-LAL6,2025-11-08T22:37:54.926271Z,0.44,50,yes,2d23d780-3d8e-6126-b335-1fec8ea2da62
KXNBASPREAD-25NOV08LALATL-LAL6,2025-11-08T22:36:06.083738Z,0.44,59,yes,5ac6b4a1-a5f6-69e2-4617-2e19fa846f22
KXNBASPREAD-25NOV08LALATL-LAL6,2025-11-08T22:29:46.855592Z,0.44,10,yes,73e3e5f6-c6f2-5052-6b1e-52514f5abe86
KXNBASPREAD-25NOV08LALATL-LAL6,2025-11-08T22:23:46.764767Z,0.43,46,no,72757414-8548-5f76-8daf-29ac30a3d125
KXNBASPREAD-25NOV08LALATL-LAL6,2025-11-08T22:20:33.493643Z,0.44,43,yes,daed4d43-588a-5a8a-077c-3e2f759ac7a2
KXNBASPREAD-25NOV08LALATL-LAL6,2025-11-08T22:18:10.381489Z,0.44,21,yes,2f2d5443-6396-707e-1063-69ba4e5b387e
KXNBASPREAD-25NOV08LALATL-LAL6,2025-11-08T22:14:59.748559Z,0.44,109,yes,c0b3a258-c08e-411e-5f1f-1dad8adabc36
KXNBASPREAD-25NOV08LALATL-LAL6,2025-11-08T22:14:53.24683Z,0.44,43,yes,14fe9fae-2d8e-7f42-2fb4-fe43fe0f6e42
KXNBASPREAD-25NOV08LALATL-LAL6,2025-11-08T22:12:32.769027Z,0.44,10,yes,086ac134-d662-7966-858d-83886fab1ef6
KXNBASPREAD-25NOV08LALATL-LAL6,2025-11-08T22:11:12.124314Z,0.44,41,yes,210536c4-5b56-56ee-9f09-509a82cd5a8e
KXNBASPREAD-25NOV08LALATL-LAL6,2025-11-08T22:09:53.647727Z,0.43,1,no,c35d41e6-56fc-4cd2-6151-5180784dfcb5
KXNBASPREAD-25NOV08LALATL-LAL6,2025-11-08T22:07:51.976295Z,0.44,21,yes,a0f1e572-3b72-5dda-89d9-89d6a20c93fe
KXNBASPREAD-25NOV08LALATL-LAL6,2025-11-08T22:05:45.245662Z,0.44,108,yes,5acfb52b-82ba-6a22-8da7-b37da37cf1b6
KXNBASPREAD-25NOV08LALATL-LAL6,2025-11-08T21:58:42.31006Z,0.44,4,yes,b6cb5763-97da-4f82-bfde-bc8d00c62e12
KXNBASPREAD-25NOV08LALATL-LAL6,2025-11-08T21:54:50.695845Z,0.44,21,yes,23ded312-754a-7ec6-972b-2210fcf84eee
KXNBASPREAD-25NOV08LALATL-LAL6,2025-11-08T21:48:38.893958Z,0.44,100,yes,4aee3670-625a-77be-afd5-ea32dd56ef22
KXNBASPREAD-25NOV08LALATL-LAL6,2025-11-08T20:59:56.777962Z,0.44,5,yes,698d2c21-c072-6382-b9b9-2f1b382d620a
KXNBASPREAD-25NOV08LALATL-LAL6,2025-11-08T19:43:47.660705Z,0.44,21,yes,5109cd02-f0be-7a02-6f6e-8255ddee575a
KXNBASPREAD-25NOV08LALATL-LAL6,2025-11-08T19:08:41.431733Z,0.44,21,yes,30672551-9a22-5c02-54cf-ca311bd07492
KXNBASPREAD-25NOV08LALATL-LAL6,2025-11-08T18:59:45.560891Z,0.44,109,yes,477bab23-3ef2-7432-49cc-dc34ca2a4cc2
KXNBASPREAD-25NOV08LALATL-LAL6,2025-11-08T18:48:57.069146Z,0.44,21,yes,c1c5e73a-1e9e-44d6-308e-ac2f52b8c4f6
KXNBASPREAD-25NOV08LALATL-LAL6,2025-11-08T18:30:41.50999Z,0.43,17,yes,66cc8810-9f89-45aa-d741-1eb125f483dc
KXNBASPREAD-25NOV08LALATL-LAL6,2025-11-08T18:10:39.907151Z,0.44,21,yes,76da1814-67a6-42a2-3c23-2cdcbac4ca8e
KXNBASPREAD-25NOV08LALATL-LAL6,2025-11-08T18:08:26.589204Z,0.43,328,yes,a3759e80-d1eb-738d-5a5b-9efc3ed5ad19
KXNBASPREAD-25NOV08LALATL-LAL6,2025-11-08T17:58:14.272661Z,0.4,50,yes,89351139-f9a9-6798-617a-9a94d5443f37
KXNBASPREAD-25NOV08LALATL-LAL6,2025-11-08T16:53:47.968466Z,0.4,23,yes,1d2f211d-4e38-465d-7c77-88227ee75178
KXNBASPREAD-25NOV08LALATL-LAL6,2025-11-08T16:13:43.0852Z,0.41,234,yes,f2344151-7eac-7645-a8a0-490e942d3d68
KXNBASPREAD-25NOV08LALATL-LAL6,2025-11-08T15:42:10.33947Z,0.41,7,yes,cb1ce4b5-dd24-542d-863d-6543d5937734
KXNBASPREAD-25NOV08LALATL-LAL6,2025-11-08T15:02:16.816135Z,0.41,117,yes,77497aa2-dfe4-6189-0ba6-48619cb184f4
