ticker,created_time,price,count,taker_side,trade_id
KXNBASPREAD-25NOV05PHICLE-PHI5,2025-11-06T02:04:11.987898Z,0.01,300,no,7ad9f9a1-2993-547e-9ccd-a21a4c139650
KXNBASPREAD-25NOV05PHICLE-PHI5,2025-11-06T02:00:25.18792Z,0.01,100,no,d131eee5-2303-745a-8337-68da0a3231c4
KXNBASPREAD-25NOV05PHICLE-PHI5,2025-11-06T01:59:29.978715Z,0.01,50,no,89c47481-7ee7-6752-3c70-5e209d6a063c
KXNBASPREAD-25NOV05PHICLE-PHI5,2025-11-06T01:59:24.186976Z,0.01,50,no,c60156ba-c05b-573e-4c5b-5518df725bb0
KXNBASPREAD-25NOV05PHICLE-PHI5,2025-11-06T01:44:09.415766Z,0.06,143,no,151dbe42-870f-4f59-e9a0-93a02ce90a35
KXNBASPREAD-25NOV05PHICLE-PHI5,2025-11-06T01:43:56.417387Z,0.23,28,yes,047e5a3c-2378-65ea-e4e0-a9e87347c9d3
KXNBASPREAD-25NOV05PHICLE-PHI5,2025-11-06T01:43:54.394853Z,0.06,1,no,7d3a41b4-7f07-6869-0cf3-eb077919d649
KXNBASPREAD-25NOV05PHICLE-PHI5,2025-11-06T01:42:39.84275Z,0.07,6,no,bcbe9c75-15ef-4487-1676-2afc0369a416
KXNBASPREAD-25NOV05PHICLE-PHI5,2025-11-06T01:37:49.329476Z,0.51,9,yes,9daddcd9-1097-40f4-ed23-828fd093873e
KXNBASPREAD-25NOV05PHICLE-PHI5,2025-11-06T01:26:24.986177Z,0.39,12,yes,35d387c3-c51c-61fc-f7e6-41cc3a97362e
KXNBASPREAD-25NOV05PHICLE-PHI5,2025-11-06T01:09:27.966459Z,0.36,2,yes,2ce4ddaf-9426-725c-5a78-cff8181bd102
KXNBASPREAD-25NOV05PHICLE-PHI5,2025-11-06T01:01:49.852065Z,0.36,56,yes,bfcd938f-dd06-5c44-ab6a-cd13a64ad64e
KXNBASPREAD-25NOV05PHICLE-PHI5,2025-11-06T01:01:49.852065Z,0.35,6,yes,591f3e98-482a-5a0f-af1a-5cd49ffcdbdd
KXNBASPREAD-25NOV05PHICLE-PHI5,2025-11-06T01:01:49.852065Z,0.2,15,yes,4fa0c155-c899-529a-af9f-e63223246e75
KXNBASPREAD-25NOV05PHICLE-PHI5,2025-11-06T01:01:49.852065Z,0.1,10,yes,490a1b82-71cb-525f-96a3-4381ddd38c8c
KXNBASPREAD-25NOV05PHICLE-PHI5,2025-11-06T01:01:49.852065Z,0.26,100,yes,3c5e2eee-f364-509a-a0f4-85641f679648
KXNBASPREAD-25NOV05PHICLE-PHI5,2025-11-06T01:01:49.852065Z,0.1,1,yes,02fd0eba-748e-5062-9dbc-cf43e603fe31
KXNBASPREAD-25NOV05PHICLE-PHI5,2025-11-06T01:00:33.179956Z,0.06,1,no,c5a4cdf8-778f-734d-3781-45fa0f25df8d
KXNBASPREAD-25NOV05PHICLE-PHI5,2025-11-06T00:57:55.617366Z,0.1,9,yes,e1a04d3e-b5c6-6f3a-8ad1-5ef02a9860cd
KXNBASPREAD-25NOV05PHICLE-PHI5,2025-11-06T00:44:04.310558Z,0.06,1,no,6d4ac2d2-8393-62f1-f20f-f2c49a75dc05
KXNBASPREAD-25NOV05PHICLE-PHI5,2025-11-06T00:36:17.009636Z,0.06,6,no,77a83b84-572b-7881-f12f-0682ac38c441
KXNBASPREAD-25NOV05PHICLE-PHI5,2025-11-06T00:29:09.850146Z,0.06,21,no,228dfca4-10fb-73a1-5c9a-c06bc80de535
KXNBASPREAD-25NOV05PHICLE-PHI5,2025-11-06T00:23:28.148544Z,0.2,85,yes,d7a6037f-3335-74c2-ba65-b07989924d29
KXNBASPREAD-25NOV05PHICLE-PHI5,2025-11-06T00:23:28.148544Z,0.19,29,yes,68bdd04e-71f5-7eea-b7d0-f6e8802d6ced
KXNBASPREAD-25NOV05PHICLE-PHI5,2025-11-06T00:22:37.47277Z,0.06,90,no,f19b5d90-75b3-5441-7c27-ac55f6d77665
KXNBASPREAD-25NOV05PHICLE-PHI5,2025-11-06T00:21:24.544526Z,0.06,1,no,c256133e-49f3-6abd-dae9-d4e458095081
KXNBASPREAD-25NOV05PHICLE-PHI5,2025-11-06T00:21:14.178908Z,0.06,21,no,179113d2-0477-4545-a049-d6491667f885
KXNBASPREAD-25NOV05PHICLE-PHI5,2025-11-06T00:19:46.030893Z,0.06,15,no,b1830ed8-a957-7ec1-05f4-5133f0199239
KXNBASPREAD-25NOV05PHICLE-PHI5,2025-11-06T00:13:51.772459Z,0.37,129,yes,dfddbbbc-759b-6d87-bd73-64f341f12a6e
KXNBASPREAD-25NOV05PHICLE-PHI5,2025-11-06T00:13:42.446736Z,0.37,25,yes,379662d9-36eb-467f-642a-36673b286c3a
KXNBASPREAD-25NOV05PHICLE-PHI5,2025-11-06T00:13:31.620477Z,0.11,200,no,1bce2005-1451-5bdd-1174-db5087bbd7b7
KXNBASPREAD-25NOV05PHICLE-PHI5,2025-11-06T00:11:58.758575Z,0.12,122,no,24dc2d28-c0d7-4741-2be4-80beeec47957
KXNBASPREAD-25NOV05PHICLE-PHI5,2025-11-06T00:05:04.165525Z,0.19,99,yes,7110def7-a5d5-74e0-88aa-23aac900d86c
KXNBASPREAD-25NOV05PHICLE-PHI5,2025-11-06T00:04:08.493751Z,0.19,49,yes,d8f6a745-8f61-5818-1b0e-a9e8519b2d0c
KXNBASPREAD-25NOV05PHICLE-PHI5,2025-11-06T00:04:07.903551Z,0.19,19,yes,391b9f42-3021-6c64-850c-4991c4e661b0
KXNBASPREAD-25NOV05PHICLE-PHI5,2025-11-06T00:03:43.420509Z,0.19,19,yes,81cd61f5-46f9-5d08-975e-211b86534678
KXNBASPREAD-25NOV05PHICLE-PHI5,2025-11-05T23:57:37.879061Z,0.15,62,yes,bffb0f4b-172d-4931-fda6-cf2c4677c3de
KXNBASPREAD-25NOV05PHICLE-PHI5,2025-11-05T23:57:34.022579Z,0.15,119,yes,e108e331-b5a5-4a6d-eb8e-60e77b2d09ae
KXNBASPREAD-25NOV05PHICLE-PHI5,2025-11-05T23:57:15.261996Z,0.12,4,no,231504dd-7def-74b9-1be6-d9fb0e490bff
KXNBASPREAD-25NOV05PHICLE-PHI5,2025-11-05T23:51:59.522641Z,0.12,2,no,d6bc93df-d473-7975-513d-36f023517357
KXNBASPREAD-25NOV05PHICLE-PHI5,2025-11-05T23:34:47.159196Z,0.15,31,yes,687f331b-7840-6e32-0b54-5be276bb20bd
KXNBASPREAD-25NOV05PHICLE-PHI5,2025-11-05T23:28:22.822801Z,0.15,12,yes,5973761c-cb34-5dda-0cda-828c2c5786dd
KXNBASPREAD-25NOV05PHICLE-PHI5,2025-11-05T23:24:16.209602Z,0.15,220,yes,7170d36f-f048-547a-3494-4d88f6967a55
KXNBASPREAD-25NOV05PHICLE-PHI5,2025-11-05T23:02:06.353544Z,0.15,31,yes,e346c502-919c-483a-88ab-6a8ab264c045
KXNBASPREAD-25NOV05PHICLE-PHI5,2025-11-05T22:37:13.971413Z,0.16,29,yes,ae9c2c5c-8d0d-59bb-1e6d-c8302361e0da
KXNBASPREAD-25NOV05PHICLE-PHI5,2025-11-05T22:30:56.674656Z,0.16,11,yes,cbd8d549-8d69-49fb-d387-8497dd179d26
KXNBASPREAD-25NOV05PHICLE-PHI5,2025-11-05T22:09:34.254907Z,0.17,27,yes,136f3a00-dff6-42d8-67d6-8ac7de7acbc3
KXNBASPREAD-25NOV05PHICLE-PHI5,2025-11-05T22:00:13.26425Z,0.16,1,yes,6e1307f5-cf4c-56ff-500f-7a8b67edd647
KXNBASPREAD-25NOV05PHICLE-PHI5,2025-11-05T22:00:13.26425Z,0.17,26,yes,5f720004-76de-5118-6f9d-b9001366f8db
KXNBASPREAD-25NOV05PHICLE-PHI5,2025-11-05T21:50:42.09335Z,0.13,1,no,9c810830-3843-6115-4d71-002d11e2aa66
KXNBASPREAD-25NOV05PHICLE-PHI5,2025-11-05T21:14:36.901225Z,0.18,5,yes,e06a289d-1336-58b2-a523-f4ade17dec80
KXNBASPREAD-25NOV05PHICLE-PHI5,2025-11-05T20:59:19.897655Z,0.17,5,yes,f6982912-d630-562c-452d-fde0e40606dc
KXNBASPREAD-25NOV05PHICLE-PHI5,2025-11-05T20:59:19.897655Z,0.18,47,yes,02860d87-c446-5c46-729d-fbe54dbacb20
KXNBASPREAD-25NOV05PHICLE-PHI5,2025-11-05T20:51:51.377238Z,0.18,26,yes,6d35c60c-7136-66d2-91da-919a82eb4320
KXNBASPREAD-25NOV05PHICLE-PHI5,2025-11-05T20:31:36.578339Z,0.18,26,yes,d453d06c-a092-53ca-d6ef-1fbd84018088
KXNBASPREAD-25NOV05PHICLE-PHI5,2025-11-05T20:20:38.272606Z,0.18,25,yes,dea2ace6-e556-6b2a-f2f6-d3603a67c3ec
KXNBASPREAD-25NOV05PHICLE-PHI5,2025-11-05T19:38:31.75213Z,0.12,5,no,3347beff-7f13-4559-a5db-068d48d5addf
KXNBASPREAD-25NOV05PHICLE-PHI5,2025-11-05T19:31:10.384066Z,0.17,99,yes,d841bfc3-5346-7e22-5416-8eedd1429dbd
KXNBASPREAD-25NOV05PHICLE-PHI5,2025-11-05T19:31:10.384066Z,0.16,12,yes,356afa66-4426-7e1b-7689-016b9c40ed4e
KXNBASPREAD-25NOV05PHICLE-PHI5,2025-11-05T19:30:14.225907Z,0.17,44,yes,c3c9f4fb-b35a-49db-eabb-6bdcf5b8c8d7
KXNBASPREAD-25NOV05PHICLE-PHI5,2025-11-05T19:28:08.185316Z,0.13,8,no,d81d0214-c5fa-640c-0280-3d0c69d2afa6
KXNBASPREAD-25NOV05PHICLE-PHI5,2025-11-05T19:25:18.346795Z,0.17,18,yes,96b96488-7986-7cc3-360d-4a08ba4ad2d3
KXNBASPREAD-25NOV05PHICLE-PHI5,2025-11-05T19:25:18.346795Z,0.16,3,yes,07e6ac9f-948c-7b4d-216a-f815e9682f00
KXNBASPREAD-25NOV05PHICLE-PHI5,2025-11-05T19:21:09.563337Z,0.17,5,yes,d1ff02cb-5dc6-7fa3-1c9e-8b6771e41163
KXNBASPREAD-25NOV05PHICLE-PHI5,2025-11-05T19:15:13.308012Z,0.16,47,no,61f48fb4-025a-45f3-1300-d2629897b33a
KXNBASPREAD-25NOV05PHICLE-PHI5,2025-11-05T19:15:13.308012Z,0.12,67,no,22e1917f-1fcf-4995-242c-05d8b6cf1583
KXNBASPREAD-25NOV05PHICLE-PHI5,2025-11-05T19:07:23.646466Z,0.17,16,yes,f2254123-98b2-78b3-0d0a-c37ac08b9d23
KXNBASPREAD-25NOV05PHICLE-PHI5,2025-11-05T18:52:41.381901Z,0.17,55,yes,03a6206f-4812-46f3-1180-6ffe3583bfe3
KXNBASPREAD-25NOV05PHICLE-PHI5,2025-11-05T18:38:32.341192Z,0.17,27,yes,186ff598-a1ba-4c73-5aff-46f91d1a7be3
KXNBASPREAD-25NOV05PHICLE-PHI5,2025-11-05T18:37:39.553828Z,0.16,353,no,36c1186e-6d8a-5dd7-e94b-8189826aedae
KXNBASPREAD-25NOV05PHICLE-PHI5,2025-11-05T18:28:39.343249Z,0.18,20,yes,4233340b-210a-6e26-ed8b-5e4a13c4fe00
KXNBASPREAD-25NOV05PHICLE-PHI5,2025-11-05T18:26:04.566528Z,0.18,52,yes,ab8d187f-a50c-4c2f-4fab-68ff109d4b71
KXNBASPREAD-25NOV05PHICLE-PHI5,2025-11-05T18:07:19.297235Z,0.18,52,yes,7af6fd1f-a3c8-5b57-f014-4fc8665d6789
KXNBASPREAD-25NOV05PHICLE-PHI5,2025-11-05T17:48:00.319125Z,0.18,10,yes,2fdfd83d-d938-6167-b3d6-be595fcb637d
KXNBASPREAD-25NOV05PHICLE-PHI5,2025-11-05T16:50:38.283718Z,0.17,55,yes,c646c495-4e81-5c4c-3f1d-73182633868f
KXNBASPREAD-25NOV05PHICLE-PHI5,2025-11-05T16:50:37.868483Z,0.17,55,yes,cc1689d9-8499-5b28-1e2e-14feb0b622e3
KXNBASPREAD-25NOV05PHICLE-PHI5,2025-11-05T16:43:20.204352Z,0.17,16,yes,6231c729-89d5-5f34-f063-fb89b96d75df
KXNBASPREAD-25NOV05PHICLE-PHI5,2025-11-05T16:07:06.418739Z,0.17,55,yes,956e1a06-043d-6f10-eb87-754d39b1c1ab
KXNBASPREAD-25NOV05PHICLE-PHI5,2025-11-05T15:52:57.195163Z,0.17,11,yes,85d7d965-08d4-6520-f0f5-ced87b77fb37
KXNBASPREAD-25NOV05PHICLE-PHI5,2025-11-05T15:28:26.31775Z,0.17,5,yes,2f4f2c1b-83e0-7ae4-4ffa-65943a84e34f
KXNBASPREAD-25NOV05PHICLE-PHI5,2025-11-05T15:21:51.978586Z,0.17,11,yes,32b8a37c-0a60-7b94-cbb4-843597c45f8f
KXNBASPREAD-25NOV05PHICLE-PHI5,2025-11-05T14:52:50.55283Z,0.18,52,yes,292f8082-ac8d-6210-d883-11ece8c05a4a
KXNBASPREAD-25NOV05PHICLE-PHI5,2025-11-05T14:37:01.5171Z,0.18,10,yes,5c0b8543-744d-4118-e918-757bbcebd885
KXNBASPREAD-25NOV05PHICLE-PHI5,2025-11-05T12:46:09.670914Z,0.17,27,yes,50176791-6b91-4ed8-5f72-8355f45f5e58
