ticker,created_time,price,count,taker_side,trade_id
KXNBASPREAD-25NOV05WASBOS-BOS25,2025-11-06T02:54:14.343605Z,0.99,179,no,a278fb95-8f9f-5e9e-1abb-2a7729400c8f
KXNBASPREAD-25NOV05WASBOS-BOS25,2025-11-06T02:53:24.527196Z,0.99,346,no,63f1ec5a-f993-77ea-bd5f-5e1971653243
KXNBASPREAD-25NOV05WASBOS-BOS25,2025-11-06T02:53:22.572499Z,0.99,17,no,0007e4c6-185b-61ee-43ec-88b720159943
KXNBASPREAD-25NOV05WASBOS-BOS25,2025-11-06T02:50:44.61154Z,0.99,500,yes,5506b863-717a-45a0-b862-e8ee47f1cda7
KXNBASPREAD-25NOV05WASBOS-BOS25,2025-11-06T02:50:38.085274Z,0.98,200,yes,fb56899b-36b4-6668-bb12-6921506f4f76
KXNBASPREAD-25NOV05WASBOS-BOS25,2025-11-06T02:46:38.959972Z,0.47,2500,yes,b09ec7c8-053d-59fc-beb5-ae3732df4a84
KXNBASPREAD-25NOV05WASBOS-BOS25,2025-11-06T02:46:27.977087Z,0.46,44,no,7b81f71a-1979-6c26-4a5b-0c9930e9759f
KXNBASPREAD-25NOV05WASBOS-BOS25,2025-11-06T02:46:22.938525Z,0.44,500,yes,46486993-e96b-62e2-97c8-01c4085ed942
KXNBASPREAD-25NOV05WASBOS-BOS25,2025-11-06T02:42:52.620742Z,0.32,500,no,f5bae028-4bb6-496d-6bed-a7100c926de2
KXNBASPREAD-25NOV05WASBOS-BOS25,2025-11-06T02:41:25.846093Z,0.43,3,no,a89cf915-53b9-6254-8406-14a3235fe3f3
KXNBASPREAD-25NOV05WASBOS-BOS25,2025-11-06T02:40:37.601422Z,0.47,500,no,f8dd1cda-b2f0-51f3-7379-48f26b3cc19d
KXNBASPREAD-25NOV05WASBOS-BOS25,2025-11-06T02:40:30.373398Z,0.54,2500,yes,2cd6d541-c308-7a04-6024-0905765ca5b6
KXNBASPREAD-25NOV05WASBOS-BOS25,2025-11-06T02:40:24.6749Z,0.56,500,no,1479b73c-9f78-5bc1-45f3-5849e927f040
KXNBASPREAD-25NOV05WASBOS-BOS25,2025-11-06T02:40:18.416066Z,0.54,179,yes,aca9c0e0-6185-6d2d-bd00-81c257771ecd
KXNBASPREAD-25NOV05WASBOS-BOS25,2025-11-06T02:38:56.222879Z,0.56,346,yes,6c99ca3b-4bca-7ba4-b06e-b8f37eeaacf3
KXNBASPREAD-25NOV05WASBOS-BOS25,2025-11-06T02:38:50.725854Z,0.56,17,yes,afd3804b-bdc6-7a84-354f-3e406fa4c807
KXNBASPREAD-25NOV05WASBOS-BOS25,2025-11-06T02:38:45.622089Z,0.52,500,yes,9f6d15f6-33e0-473e-e42b-3149ea9a3c02
KXNBASPREAD-25NOV05WASBOS-BOS25,2025-11-06T02:38:43.883235Z,0.5,3,yes,162c78c3-fdbe-4b70-2d7a-e5e17d258de7
KXNBASPREAD-25NOV05WASBOS-BOS25,2025-11-06T02:38:31.21959Z,0.5,2000,yes,bde12ed9-6bea-6ff5-8f29-b8fd5b5b496b
KXNBASPREAD-25NOV05WASBOS-BOS25,2025-11-06T02:38:18.842838Z,0.43,32,no,1f5231b7-44dc-586f-dc1c-e541053f3572
KXNBASPREAD-25NOV05WASBOS-BOS25,2025-11-06T02:37:59.645918Z,0.41,500,yes,4050495c-6de9-4702-f957-c842fc94c71f
KXNBASPREAD-25NOV05WASBOS-BOS25,2025-11-06T02:37:57.919548Z,0.38,2000,yes,e676ec0a-e9b4-7608-27e8-77f10c968aaf
KXNBASPREAD-25NOV05WASBOS-BOS25,2025-11-06T02:37:57.919548Z,0.35,500,yes,17675c7b-9030-7d98-1674-94a8056ec06b
KXNBASPREAD-25NOV05WASBOS-BOS25,2025-11-06T02:37:54.092121Z,0.34,43,no,d4e562a8-f96e-56db-a0f6-fee91a50379f
KXNBASPREAD-25NOV05WASBOS-BOS25,2025-11-06T02:37:52.995568Z,0.34,500,yes,0a90c3e1-f1ae-488d-f234-67e6a8e39e1a
KXNBASPREAD-25NOV05WASBOS-BOS25,2025-11-06T02:37:44.60087Z,0.33,72,yes,52db0db1-fc70-55f0-cb18-5bb33aef6f2f
KXNBASPREAD-25NOV05WASBOS-BOS25,2025-11-06T02:36:51.118834Z,0.37,500,no,1b6bdfcd-6306-7f2a-cd06-77269452c433
KXNBASPREAD-25NOV05WASBOS-BOS25,2025-11-06T02:33:35.891373Z,0.4,2222,yes,1a8f1808-c1aa-75f9-4489-b6bb5a2b4ca5
KXNBASPREAD-25NOV05WASBOS-BOS25,2025-11-06T02:33:32.263192Z,0.4,500,yes,818f419a-9c02-72a1-05f8-6e508ccfe6f9
KXNBASPREAD-25NOV05WASBOS-BOS25,2025-11-06T02:33:31.839085Z,0.4,2500,yes,63e16e9d-5fd5-700e-e4fe-2a5c20380df0
KXNBASPREAD-25NOV05WASBOS-BOS25,2025-11-06T02:32:05.552764Z,0.62,151,no,f27c6cc4-c7cf-5601-2b16-175fccddc60f
KXNBASPREAD-25NOV05WASBOS-BOS25,2025-11-06T02:32:05.552764Z,0.63,750,no,cccb55ab-e1d3-5a53-3bf7-be5ef75513d3
KXNBASPREAD-25NOV05WASBOS-BOS25,2025-11-06T02:31:18.977376Z,0.68,43,yes,a572bcc9-601d-7786-b562-9dee4d313550
KXNBASPREAD-25NOV05WASBOS-BOS25,2025-11-06T02:30:56.049816Z,0.64,26,no,80a1f3a5-f317-64c7-c973-e8f0a9a8050f
KXNBASPREAD-25NOV05WASBOS-BOS25,2025-11-06T02:28:19.619559Z,0.66,1212,yes,25de3dc4-e631-7ca2-365d-e0b37d1f30c4
KXNBASPREAD-25NOV05WASBOS-BOS25,2025-11-06T02:27:47.267261Z,0.64,500,yes,01ed6497-bee8-6ecc-f862-00abdd585e52
KXNBASPREAD-25NOV05WASBOS-BOS25,2025-11-06T02:27:41.755Z,0.6,26,no,711bc0ba-28ff-4467-cc4e-5dccb2334cfb
KXNBASPREAD-25NOV05WASBOS-BOS25,2025-11-06T02:27:30.424157Z,0.6,20,yes,48bc8980-d2b4-6f2f-c5b0-6aa5a24c6e03
KXNBASPREAD-25NOV05WASBOS-BOS25,2025-11-06T02:27:02.663875Z,0.52,521,no,0dde02f7-9cd7-65ab-0481-6ce21a947b7f
KXNBASPREAD-25NOV05WASBOS-BOS25,2025-11-06T02:22:38.475285Z,0.28,340,yes,cc940256-47e1-5c8a-7794-3ba2ba51ff80
KXNBASPREAD-25NOV05WASBOS-BOS25,2025-11-06T02:16:25.421317Z,0.32,894,yes,141ba09b-482d-7bd6-0b6d-d087818e4184
KXNBASPREAD-25NOV05WASBOS-BOS25,2025-11-06T02:15:35.455518Z,0.28,714,yes,68e14251-1cae-7882-eae3-2627a0ff58cb
KXNBASPREAD-25NOV05WASBOS-BOS25,2025-11-06T02:15:30.245804Z,0.28,17,yes,b3f106ba-c076-7846-aece-642be627f643
KXNBASPREAD-25NOV05WASBOS-BOS25,2025-11-06T01:57:34.614952Z,0.19,500,no,2c060c18-8f81-7fe3-c69d-6f6e5cb0c39c
KXNBASPREAD-25NOV05WASBOS-BOS25,2025-11-06T01:56:36.98629Z,0.19,500,no,4e166a62-5912-771c-ff94-5b5d25246665
KXNBASPREAD-25NOV05WASBOS-BOS25,2025-11-06T01:35:51.071049Z,0.1,321,no,48d054bd-b847-7549-28b0-a156fd8f310b
KXNBASPREAD-25NOV05WASBOS-BOS25,2025-11-06T01:05:10.339765Z,0.07,200,no,7c7e3318-350d-7eb3-1d3b-0a2affda63df
KXNBASPREAD-25NOV05WASBOS-BOS25,2025-11-06T00:43:06.14667Z,0.18,200,no,80200a3e-7a65-608a-b8e0-483a3a9a3fa8
KXNBASPREAD-25NOV05WASBOS-BOS25,2025-11-05T22:03:54.454506Z,0.24,39,yes,1397b3c7-47c3-405f-3050-61fcbd5a1f06
KXNBASPREAD-25NOV05WASBOS-BOS25,2025-11-05T06:54:52.384066Z,0.11,200,no,c0e1a329-d506-74e2-8151-4aaafc7f555a
