ticker,created_time,price,count,taker_side,trade_id
KXNBASPREAD-25NOV08TORPHI-PHI5,2025-11-09T03:08:03.647698Z,0.99,364,no,30fa9040-bc36-58f9-49d8-e838383a5bdf
KXNBASPREAD-25NOV08TORPHI-PHI5,2025-11-09T03:07:33.590533Z,0.99,33,no,cd3881b4-af9a-42e1-6159-91f5e5a6468b
KXNBASPREAD-25NOV08TORPHI-PHI5,2025-11-09T03:06:32.378852Z,0.99,308,no,a75acd50-366e-4b75-1e76-92a04576f873
KXNBASPREAD-25NOV08TORPHI-PHI5,2025-11-09T03:06:30.712236Z,0.99,5,no,ddafb619-c8a2-73f9-ad54-ac277dddc813
KXNBASPREAD-25NOV08TORPHI-PHI5,2025-11-09T03:06:18.31486Z,0.99,53,no,bdbde628-f732-4ac1-3aa7-ce2490fa13c3
KXNBASPREAD-25NOV08TORPHI-PHI5,2025-11-09T03:06:10.573521Z,0.99,500,yes,3e6de220-4092-529a-a3d9-2e7ef05819aa
KXNBASPREAD-25NOV08TORPHI-PHI5,2025-11-09T03:06:02.756649Z,0.94,300,yes,64aef607-4514-4134-83cb-556166d38ec0
KXNBASPREAD-25NOV08TORPHI-PHI5,2025-11-09T03:06:02.756649Z,0.92,69,yes,5781a229-cd84-430a-9ca6-b205bf456430
KXNBASPREAD-25NOV08TORPHI-PHI5,2025-11-09T03:05:54.619199Z,0.92,151,yes,697bfb14-6f54-7896-252e-4d8a0f029320
KXNBASPREAD-25NOV08TORPHI-PHI5,2025-11-09T03:04:54.539514Z,0.92,71,yes,6b1e279f-9ecc-7946-25ba-fff61d3907c8
KXNBASPREAD-25NOV08TORPHI-PHI5,2025-11-09T03:04:34.648506Z,0.89,173,yes,f032ad86-a65e-78e6-baae-471dbea91eff
KXNBASPREAD-25NOV08TORPHI-PHI5,2025-11-09T03:04:34.648506Z,0.92,9,yes,12a193fd-f728-778e-9aa9-8dd02fff970c
KXNBASPREAD-25NOV08TORPHI-PHI5,2025-11-09T03:04:28.90574Z,0.76,137,yes,fff65ffd-a892-6c31-4c6d-e4743a3a7fcb
KXNBASPREAD-25NOV08TORPHI-PHI5,2025-11-09T03:04:28.90574Z,0.89,27,yes,e2aacbb2-4a96-659e-5046-fade2b92fc97
KXNBASPREAD-25NOV08TORPHI-PHI5,2025-11-09T03:04:28.90574Z,0.84,200,yes,7fedf220-4427-64a1-64b8-ccf72ecb7083
KXNBASPREAD-25NOV08TORPHI-PHI5,2025-11-09T03:03:40.804386Z,0.76,3,yes,cb109778-8fe2-6eb5-8718-eb2fe7d92557
KXNBASPREAD-25NOV08TORPHI-PHI5,2025-11-09T03:03:30.392001Z,0.76,25,yes,fe82dead-18ea-4a29-e4ba-02e5833d2c37
KXNBASPREAD-25NOV08TORPHI-PHI5,2025-11-09T02:59:47.546791Z,0.76,5,yes,69619ce0-138a-4379-eb72-a6b31124c59f
KXNBASPREAD-25NOV08TORPHI-PHI5,2025-11-09T02:59:32.502753Z,0.76,30,yes,c3c56afb-4ede-6779-6521-5fcf63552df3
KXNBASPREAD-25NOV08TORPHI-PHI5,2025-11-09T02:59:32.502753Z,0.75,23,yes,6f0c1f10-308d-6834-5ffc-66924a9abe8e
KXNBASPREAD-25NOV08TORPHI-PHI5,2025-11-09T02:55:23.064446Z,0.49,500,no,aafec394-2ddf-5ebb-c9f9-a18505d8de46
KXNBASPREAD-25NOV08TORPHI-PHI5,2025-11-09T02:49:35.948165Z,0.56,173,yes,7423a008-903c-43b2-8825-8815a61d4981
KXNBASPREAD-25NOV08TORPHI-PHI5,2025-11-09T02:48:08.479662Z,0.19,6,no,8a4d7266-2eb3-4558-6a0c-80e3af0e2dfa
KXNBASPREAD-25NOV08TORPHI-PHI5,2025-11-09T02:47:52.831356Z,0.57,500,no,a69af004-b985-5aa7-388b-74382686d76f
KXNBASPREAD-25NOV08TORPHI-PHI5,2025-11-09T02:46:59.986224Z,0.56,500,yes,49549d6c-6959-6c4a-cc5a-64b61f1eb185
KXNBASPREAD-25NOV08TORPHI-PHI5,2025-11-09T02:43:27.234513Z,0.67,500,yes,403e8c74-94be-44c9-f2ac-e85cf803083d
KXNBASPREAD-25NOV08TORPHI-PHI5,2025-11-09T02:43:04.904507Z,0.66,500,yes,991f83b4-b954-4c75-3273-5d3217d45f22
KXNBASPREAD-25NOV08TORPHI-PHI5,2025-11-09T02:36:18.637783Z,0.48,6,no,e3c8e563-9f2c-42d4-2e20-fa8461b57ae6
KXNBASPREAD-25NOV08TORPHI-PHI5,2025-11-09T02:36:18.637783Z,0.48,494,no,ca140722-ff34-4594-162e-f58cad09f954
KXNBASPREAD-25NOV08TORPHI-PHI5,2025-11-09T02:36:09.266462Z,0.48,6,no,3184be5d-0cc8-6a0c-f0cb-8d614ceabaf0
KXNBASPREAD-25NOV08TORPHI-PHI5,2025-11-09T02:35:31.998195Z,0.49,500,no,4b526f89-ce8f-6e37-7825-e0adbf61c568
KXNBASPREAD-25NOV08TORPHI-PHI5,2025-11-09T02:34:22.976025Z,0.51,94,yes,da2aa44c-6c1b-472b-3945-215517dd806b
KXNBASPREAD-25NOV08TORPHI-PHI5,2025-11-09T02:34:14.306803Z,0.47,321,no,418b538e-ec59-6899-a65c-335a4cf58ebc
KXNBASPREAD-25NOV08TORPHI-PHI5,2025-11-09T02:31:54.315018Z,0.43,5,yes,8300d7ea-7648-48a6-9d2e-7ccd05b66241
KXNBASPREAD-25NOV08TORPHI-PHI5,2025-11-09T02:30:06.986823Z,0.45,8,no,ccbe2338-7f4f-73a7-892c-b2e0640fe98a
KXNBASPREAD-25NOV08TORPHI-PHI5,2025-11-09T02:29:55.445586Z,0.45,35,no,f9f67d4b-263f-45cf-cb3b-be4639d6d37e
KXNBASPREAD-25NOV08TORPHI-PHI5,2025-11-09T02:28:41.590508Z,0.46,314,yes,9e7cc94c-56d8-59ae-4cd3-a8d8a2b82702
KXNBASPREAD-25NOV08TORPHI-PHI5,2025-11-09T02:27:28.08654Z,0.54,500,no,f684c48a-f8c6-7e93-7a7c-7b57b333ec73
KXNBASPREAD-25NOV08TORPHI-PHI5,2025-11-09T02:27:06.936555Z,0.61,75,no,e7c5299b-f2fa-67d1-3dff-647f7ce7cb1e
KXNBASPREAD-25NOV08TORPHI-PHI5,2025-11-09T02:25:45.053518Z,0.73,146,yes,2a0b6dd9-919c-75f3-59a9-89a139096abc
KXNBASPREAD-25NOV08TORPHI-PHI5,2025-11-09T02:20:36.886921Z,0.73,1,yes,2bf43bad-b84c-5cab-1b40-c00b8cc6fcd0
KXNBASPREAD-25NOV08TORPHI-PHI5,2025-11-09T02:20:01.641926Z,0.73,53,yes,56fba61d-7b74-5fbf-a483-09900d2ec75c
KXNBASPREAD-25NOV08TORPHI-PHI5,2025-11-09T02:14:59.842756Z,0.53,500,yes,909c0b37-33aa-509d-b240-4c8abadaa255
KXNBASPREAD-25NOV08TORPHI-PHI5,2025-11-09T01:44:54.084074Z,0.56,5,yes,99258e4e-2932-7c22-d12c-3f92fcda804c
KXNBASPREAD-25NOV08TORPHI-PHI5,2025-11-09T01:44:54.084074Z,0.56,12,yes,135f223a-1842-76b0-d4af-1d9f6a4bd185
KXNBASPREAD-25NOV08TORPHI-PHI5,2025-11-09T01:42:57.772938Z,0.19,12,no,e2517247-677f-4af8-620c-8c2008eb8746
KXNBASPREAD-25NOV08TORPHI-PHI5,2025-11-09T01:33:59.471453Z,0.45,115,yes,7e50646b-447e-4e81-dcca-0f9772d96901
KXNBASPREAD-25NOV08TORPHI-PHI5,2025-11-09T01:27:13.941962Z,0.36,457,no,d19da6b2-cb74-78f1-a9f8-ff9572a259b6
KXNBASPREAD-25NOV08TORPHI-PHI5,2025-11-09T01:17:41.907623Z,0.31,33,yes,5ca25f30-6480-5c99-8b37-d75892f8b0fb
KXNBASPREAD-25NOV08TORPHI-PHI5,2025-11-09T01:11:24.419507Z,0.34,141,yes,baede70a-7a6e-63a2-513a-ae01a3924e11
KXNBASPREAD-25NOV08TORPHI-PHI5,2025-11-09T01:07:39.704164Z,0.43,22,yes,62fe852f-69ad-4b42-c11c-a2b824363080
KXNBASPREAD-25NOV08TORPHI-PHI5,2025-11-09T01:04:54.742195Z,0.34,147,no,86d6c626-8c23-4355-e9a5-6ebd1e3aba46
KXNBASPREAD-25NOV08TORPHI-PHI5,2025-11-09T00:51:15.778031Z,0.47,54,no,d18362a5-726e-5d02-8430-080fb72cb9cb
KXNBASPREAD-25NOV08TORPHI-PHI5,2025-11-09T00:50:55.415625Z,0.47,9,no,28f1c6fa-94d2-5372-ef78-0fa9ff751d27
KXNBASPREAD-25NOV08TORPHI-PHI5,2025-11-09T00:49:58.603876Z,0.47,182,no,46615b5d-2d46-674a-1951-4edb6a8ec247
KXNBASPREAD-25NOV08TORPHI-PHI5,2025-11-09T00:46:48.835377Z,0.44,5,no,b6320590-b40f-7ecf-7352-eb54e3a5376a
KXNBASPREAD-25NOV08TORPHI-PHI5,2025-11-09T00:45:30.734976Z,0.5,40,no,c9cdff96-b7d7-422c-f5da-c28eaa824877
KXNBASPREAD-25NOV08TORPHI-PHI5,2025-11-09T00:45:15.980907Z,0.51,18,yes,38a4239c-04bd-6be2-0a6d-b60b3fb3e349
KXNBASPREAD-25NOV08TORPHI-PHI5,2025-11-09T00:37:26.406898Z,0.49,3940,yes,3ffb3bce-4be9-61db-61c6-c2958cc51f1b
KXNBASPREAD-25NOV08TORPHI-PHI5,2025-11-09T00:37:02.666277Z,0.48,20,yes,c6c43829-a976-5724-9ca2-4987f4929ad3
KXNBASPREAD-25NOV08TORPHI-PHI5,2025-11-09T00:33:01.980458Z,0.48,80,yes,556b8901-5a5e-4a10-efe4-8f1c7c8316ef
KXNBASPREAD-25NOV08TORPHI-PHI5,2025-11-09T00:29:14.071617Z,0.49,98,yes,e21761ed-2f52-61d0-84b0-07acb3efb7a6
KXNBASPREAD-25NOV08TORPHI-PHI5,2025-11-09T00:25:22.582629Z,0.47,182,no,4e78e37f-cdae-4baf-ab15-bc7cbdb13307
KXNBASPREAD-25NOV08TORPHI-PHI5,2025-11-09T00:24:51.476341Z,0.49,39,yes,65909d8a-c13a-4290-b438-bbc203787a0a
KXNBASPREAD-25NOV08TORPHI-PHI5,2025-11-09T00:24:46.600131Z,0.49,49,yes,6c3dcd9c-5e8a-42ec-2719-40945de8ea2a
KXNBASPREAD-25NOV08TORPHI-PHI5,2025-11-09T00:24:22.146158Z,0.47,18,no,e74a6ba3-d642-58bb-b8ce-c9dfd926e33b
KXNBASPREAD-25NOV08TORPHI-PHI5,2025-11-09T00:19:33.106143Z,0.49,193,yes,41246fbe-0e52-5f68-4d3d-862b26a4c8ae
KXNBASPREAD-25NOV08TORPHI-PHI5,2025-11-09T00:19:31.402713Z,0.48,27,no,c94b6315-6be1-5803-32ad-66bae7537d7b
KXNBASPREAD-25NOV08TORPHI-PHI5,2025-11-09T00:17:48.63301Z,0.48,546,no,9fb0e0de-b420-49c9-d164-1587f33d4788
KXNBASPREAD-25NOV08TORPHI-PHI5,2025-11-09T00:17:48.63301Z,0.48,384,no,5d0363ec-4901-4f3b-f48a-2462758011fb
KXNBASPREAD-25NOV08TORPHI-PHI5,2025-11-09T00:16:03.465444Z,0.49,29,yes,037cd40e-ce7a-72bc-cc12-cbbc3bdb0d42
KXNBASPREAD-25NOV08TORPHI-PHI5,2025-11-09T00:15:01.201469Z,0.48,54,no,eb0628f9-3e54-5b01-7d49-447c56b14538
KXNBASPREAD-25NOV08TORPHI-PHI5,2025-11-09T00:15:01.201469Z,0.49,271,no,d9ca1f24-051d-571c-5dbb-962450d684e9
KXNBASPREAD-25NOV08TORPHI-PHI5,2025-11-09T00:15:01.201469Z,0.49,100,no,b67b9370-d1d6-5418-782e-c45374f44246
KXNBASPREAD-25NOV08TORPHI-PHI5,2025-11-09T00:08:22.881158Z,0.49,79,no,3ee5d9e0-3461-4478-95b0-1ed55492e721
KXNBASPREAD-25NOV08TORPHI-PHI5,2025-11-09T00:06:24.559463Z,0.5,48,yes,8f377b54-8d5a-7925-5f2c-a29e7a5c3538
KXNBASPREAD-25NOV08TORPHI-PHI5,2025-11-09T00:05:02.06819Z,0.49,297,no,de64fc0a-e2a1-726c-0897-ef1ba7d81565
KXNBASPREAD-25NOV08TORPHI-PHI5,2025-11-09T00:02:47.211061Z,0.51,189,yes,71e36319-0f25-7c4a-36cd-99397e62e485
KXNBASPREAD-25NOV08TORPHI-PHI5,2025-11-08T23:58:59.250701Z,0.49,3,no,fcfb568b-bb61-698c-9366-69b6ed4695bd
KXNBASPREAD-25NOV08TORPHI-PHI5,2025-11-08T23:57:14.920389Z,0.5,435,yes,ed8db846-de0f-4b0d-a594-35c3cdce61fe
KXNBASPREAD-25NOV08TORPHI-PHI5,2025-11-08T23:57:14.920389Z,0.5,6116,yes,e4e80fc3-a0fa-4340-83a3-2a7cbb482743
KXNBASPREAD-25NOV08TORPHI-PHI5,2025-11-08T23:57:14.920389Z,0.5,3,yes,c2d442d8-24e6-419b-9914-6070ff00d513
KXNBASPREAD-25NOV08TORPHI-PHI5,2025-11-08T23:57:14.920389Z,0.5,45,yes,b081600d-3514-4564-b0d5-c53a7f3a11e2
KXNBASPREAD-25NOV08TORPHI-PHI5,2025-11-08T23:57:14.920389Z,0.5,990,yes,a99dc595-93b8-4b50-9aa6-9d2430cf4fc4
KXNBASPREAD-25NOV08TORPHI-PHI5,2025-11-08T23:57:14.920389Z,0.51,6550,yes,817a440d-92f8-4e7a-83ca-2aa7dd530865
KXNBASPREAD-25NOV08TORPHI-PHI5,2025-11-08T23:57:14.920389Z,0.5,46,yes,3ce1bfa3-57b0-4543-9724-f775fb0273ea
KXNBASPREAD-25NOV08TORPHI-PHI5,2025-11-08T23:57:14.920389Z,0.5,4451,yes,39e4ca9b-841b-4ce3-afb7-1ad343fea16b
KXNBASPREAD-25NOV08TORPHI-PHI5,2025-11-08T23:57:14.920389Z,0.51,550,yes,1b2133ba-3b94-4498-a39d-0e74b9c0e664
KXNBASPREAD-25NOV08TORPHI-PHI5,2025-11-08T23:55:09.28548Z,0.5,245,yes,cbcf4404-75b6-62a4-0c4a-4f04c76fed13
KXNBASPREAD-25NOV08TORPHI-PHI5,2025-11-08T23:52:50.449161Z,0.5,71,yes,0eead4d1-9872-5578-cb78-acd46e3e5887
KXNBASPREAD-25NOV08TORPHI-PHI5,2025-11-08T23:44:16.775951Z,0.5,15,yes,c4d84c0c-a68e-6e90-1197-24f973ff7597
KXNBASPREAD-25NOV08TORPHI-PHI5,2025-11-08T23:24:33.839553Z,0.49,5,no,132f460a-6f65-650c-5947-d3cb84927ec5
KXNBASPREAD-25NOV08TORPHI-PHI5,2025-11-08T23:21:31.145779Z,0.5,9,yes,e0f3ce47-464e-41b4-6180-5433ea2abc03
KXNBASPREAD-25NOV08TORPHI-PHI5,2025-11-08T23:17:15.203554Z,0.5,38,yes,73ed31c4-b2f2-5fd4-a82d-64a9ae785987
KXNBASPREAD-25NOV08TORPHI-PHI5,2025-11-08T23:12:07.469711Z,0.49,40,no,367ebecc-1361-402c-0ba9-6c3211e10fe5
KXNBASPREAD-25NOV08TORPHI-PHI5,2025-11-08T23:10:00.496077Z,0.5,7,yes,87d6f7d7-c53e-4598-880e-40b025945383
KXNBASPREAD-25NOV08TORPHI-PHI5,2025-11-08T23:02:19.511079Z,0.49,18,no,1def4e9c-a915-4b94-11c3-75233384003d
KXNBASPREAD-25NOV08TORPHI-PHI5,2025-11-08T22:45:24.498995Z,0.5,19,yes,0a6ed16d-d966-6ab4-b3a3-edc9c51086b3
KXNBASPREAD-25NOV08TORPHI-PHI5,2025-11-08T22:26:59.815572Z,0.5,96,yes,58abd7f6-abca-41fc-de7c-15f8e061262b
KXNBASPREAD-25NOV08TORPHI-PHI5,2025-11-08T22:25:49.098162Z,0.5,10,yes,4a67aeb2-fd56-70cc-1a37-b9a9b6ff2c0f
KXNBASPREAD-25NOV08TORPHI-PHI5,2025-11-08T22:23:59.465514Z,0.5,93,yes,973df49c-5346-61dc-ef31-60dbd03d3da3
KXNBASPREAD-25NOV08TORPHI-PHI5,2025-11-08T22:10:23.3102Z,0.5,2,yes,635fed9c-5922-78a8-407f-8749d0f7a397
KXNBASPREAD-25NOV08TORPHI-PHI5,2025-11-08T22:06:27.813957Z,0.49,34,no,066cddb3-114d-63dc-fdb8-80f2aff22c81
KXNBASPREAD-25NOV08TORPHI-PHI5,2025-11-08T21:58:50.417066Z,0.5,10,yes,20ee3229-f022-57d0-515e-6da619a27047
KXNBASPREAD-25NOV08TORPHI-PHI5,2025-11-08T21:55:15.565667Z,0.5,58,yes,bab484d3-08a2-6438-83b3-dd613d344387
KXNBASPREAD-25NOV08TORPHI-PHI5,2025-11-08T21:43:43.577515Z,0.5,9,yes,b44bd6d8-d166-7590-5b7b-272acaf92edf
KXNBASPREAD-25NOV08TORPHI-PHI5,2025-11-08T21:36:53.350628Z,0.5,96,yes,3b60ecd5-c486-4d18-1d40-0a3100140f3f
KXNBASPREAD-25NOV08TORPHI-PHI5,2025-11-08T21:07:33.23709Z,0.5,96,yes,99009367-5f0a-68cc-6c7a-536058d1bb47
KXNBASPREAD-25NOV08TORPHI-PHI5,2025-11-08T21:06:55.010451Z,0.5,9,yes,2f47b759-2cce-6570-4686-6285940fd637
KXNBASPREAD-25NOV08TORPHI-PHI5,2025-11-08T20:57:52.906386Z,0.5,19,yes,d601297e-cb3a-4dd0-ec69-41a000f4f6bf
KXNBASPREAD-25NOV08TORPHI-PHI5,2025-11-08T20:43:44.101786Z,0.5,38,yes,fca0c3c4-31f2-46e4-46cd-a4dfae81f93f
KXNBASPREAD-25NOV08TORPHI-PHI5,2025-11-08T20:27:48.247167Z,0.49,9,no,85443720-d8ad-686c-5845-aa12dd7fdcb1
KXNBASPREAD-25NOV08TORPHI-PHI5,2025-11-08T20:04:54.661826Z,0.5,4,yes,e0cf3b12-414a-4bf4-3671-1961a9d100db
KXNBASPREAD-25NOV08TORPHI-PHI5,2025-11-08T19:54:20.94633Z,0.5,96,yes,76fcf0e4-a03a-7240-4702-6acd9a2e296b
KXNBASPREAD-25NOV08TORPHI-PHI5,2025-11-08T19:34:03.439413Z,0.5,9,yes,86b8a79e-cb2a-4ffc-0e72-a9883d76cdcb
KXNBASPREAD-25NOV08TORPHI-PHI5,2025-11-08T18:52:09.090971Z,0.5,11,yes,f1d8d528-ef36-41ec-55eb-d4951a14fd03
KXNBASPREAD-25NOV08TORPHI-PHI5,2025-11-08T18:20:19.920681Z,0.5,120,yes,272e39cb-0faa-47e8-ab7b-8188fca66e73
KXNBASPREAD-25NOV08TORPHI-PHI5,2025-11-08T18:04:54.837683Z,0.5,2000,no,baea5b3d-8e72-6bac-77ec-57e4eee1bc28
KXNBASPREAD-25NOV08TORPHI-PHI5,2025-11-08T17:52:31.372514Z,0.49,94,no,79a06a6a-92d1-7ea4-f9bd-2c069dd7a30d
KXNBASPREAD-25NOV08TORPHI-PHI5,2025-11-08T17:45:17.535574Z,0.49,94,no,b9206ef1-49a5-77f0-c85c-1e23902a0b71
KXNBASPREAD-25NOV08TORPHI-PHI5,2025-11-08T17:22:41.226803Z,0.5,96,yes,df1546a7-b37e-7d96-2925-d2880afe1ecb
KXNBASPREAD-25NOV08TORPHI-PHI5,2025-11-08T17:00:40.423976Z,0.5,3,yes,bdedd013-5ba6-51ea-a322-9526a5387f13
KXNBASPREAD-25NOV08TORPHI-PHI5,2025-11-08T16:19:37.540948Z,0.5,60,yes,21903123-ae96-5792-b8c8-e13fca97dfa7
KXNBASPREAD-25NOV08TORPHI-PHI5,2025-11-08T16:11:11.818738Z,0.5,193,yes,97f3f8de-48ca-46a2-857e-3701b51419c7
KXNBASPREAD-25NOV08TORPHI-PHI5,2025-11-08T16:06:48.025382Z,0.49,56,no,626cc83d-e1c9-7f4c-bb93-a2be3b919b69
KXNBASPREAD-25NOV08TORPHI-PHI5,2025-11-08T15:07:23.146598Z,0.5,51,yes,1b7c0298-3e1a-4422-6d5f-4b6f53883bc7
KXNBASPREAD-25NOV08TORPHI-PHI5,2025-11-08T13:45:32.490478Z,0.5,8,yes,ad4a84c4-bafc-7678-50b8-c1066d76f8ca
KXNBASPREAD-25NOV08TORPHI-PHI5,2025-11-08T10:32:48.984532Z,0.49,407,yes,21918382-e150-4cc4-1ec7-9e6be6743008
KXNBASPREAD-25NOV08TORPHI-PHI5,2025-11-08T08:14:01.820035Z,0.49,39,yes,b283ef99-01a5-54c8-5991-e06d455dc0ba
KXNBASPREAD-25NOV08TORPHI-PHI5,2025-11-08T07:34:35.564168Z,0.49,197,yes,d6d884c5-c4f8-5088-25d7-9214c85dee88
KXNBASPREAD-25NOV08TORPHI-PHI5,2025-11-08T07:32:16.739778Z,0.49,10,yes,dba0e1d5-1a9b-51c2-2203-751c57eec33c
KXNBASPREAD-25NOV08TORPHI-PHI5,2025-11-08T07:32:16.739778Z,0.49,132,yes,7866ec84-50bc-5950-02dd-2dd17786ae94
KXNBASPREAD-25NOV08TORPHI-PHI5,2025-11-08T07:32:16.739778Z,0.49,55,yes,34cce9d5-0895-5620-1d97-671f2f8d7f79
KXNBASPREAD-25NOV08TORPHI-PHI5,2025-11-08T05:46:09.878809Z,0.49,19,yes,cce48c42-ef01-40d8-1b52-7f3da29b7ef9
KXNBASPREAD-25NOV08TORPHI-PHI5,2025-11-08T05:36:55.41004Z,0.49,5,yes,ae4ba2ea-5ba1-5488-b403-372f25e65275
KXNBASPREAD-25NOV08TORPHI-PHI5,2025-11-08T05:32:39.184532Z,0.49,98,yes,cea14fd7-5d31-6710-d698-8ea97120470d
KXNBASPREAD-25NOV08TORPHI-PHI5,2025-11-08T05:29:39.733463Z,0.49,7,yes,38d91e9e-46f9-41bc-4b4c-295ffcc7639d
