ticker,created_time,price,count,taker_side,trade_id
KXNBATOTAL-25NOV08DALWAS-215,2025-11-09T02:29:06.176365Z,0.99,113,no,a20dc50d-d9ca-5626-d949-67c967fa1286
KXNBATOTAL-25NOV08DALWAS-215,2025-11-09T02:26:47.206465Z,0.99,132,no,07c4f5cf-b99e-4ea6-8c3e-84ca8344ee66
KXNBATOTAL-25NOV08DALWAS-215,2025-11-09T02:26:43.244417Z,0.99,82,no,5c68a549-3cea-7286-7821-a4c1bade471e
KXNBATOTAL-25NOV08DALWAS-215,2025-11-09T02:26:42.064529Z,0.99,401,no,8704ce8f-3cee-7536-3efb-93445ee02e02
KXNBATOTAL-25NOV08DALWAS-215,2025-11-09T02:26:42.064529Z,0.99,534,no,0030167e-8e5f-7846-0fcf-274e63541b4f
KXNBATOTAL-25NOV08DALWAS-215,2025-11-09T02:26:32.932454Z,0.99,16,yes,e4ebcb31-4f5d-605b-8e76-7061379d74e0
KXNBATOTAL-25NOV08DALWAS-215,2025-11-09T02:26:32.932454Z,0.97,1,yes,842c1921-d7fc-6dde-99d3-5e98d1d0767a
KXNBATOTAL-25NOV08DALWAS-215,2025-11-09T02:26:32.932454Z,0.99,448,yes,50a477c6-1703-654a-9b9a-bbc54e13e1a4
KXNBATOTAL-25NOV08DALWAS-215,2025-11-09T02:26:12.752741Z,0.42,159,no,8b3e616f-6444-7907-f29a-9ed2db4a341d
KXNBATOTAL-25NOV08DALWAS-215,2025-11-09T02:26:12.752741Z,0.5,9,no,73c31381-fd1f-72f0-c777-20067c980663
KXNBATOTAL-25NOV08DALWAS-215,2025-11-09T02:25:39.763886Z,0.51,98,no,c99fdc5e-4243-5de8-b5d0-a0900dd94910
KXNBATOTAL-25NOV08DALWAS-215,2025-11-09T02:25:31.141228Z,0.51,1,no,e76be25c-aa7b-7020-2592-4cf3af00e654
KXNBATOTAL-25NOV08DALWAS-215,2025-11-09T02:24:30.552993Z,0.95,123,yes,c920462b-ff50-64e3-e98f-6c02d623adf9
KXNBATOTAL-25NOV08DALWAS-215,2025-11-09T02:24:15.899116Z,0.95,21,yes,010530af-6bf8-451b-8bad-27b0ee419bf9
KXNBATOTAL-25NOV08DALWAS-215,2025-11-09T02:24:06.058796Z,0.56,41,no,1570c4ce-a053-716c-eaba-5be84cd0ee74
KXNBATOTAL-25NOV08DALWAS-215,2025-11-09T02:23:40.74455Z,0.56,4,no,ee171726-e987-7c08-84bb-d7658c9cdd34
KXNBATOTAL-25NOV08DALWAS-215,2025-11-09T02:23:03.253557Z,0.61,10,no,cb240844-9453-622c-38bf-9896b4a15130
KXNBATOTAL-25NOV08DALWAS-215,2025-11-09T02:22:54.095973Z,0.9,1,no,990b6b9b-b345-5425-e5e6-cdc4edc7540e
KXNBATOTAL-25NOV08DALWAS-215,2025-11-09T02:22:54.095973Z,0.61,122,no,2efba1ec-1a6f-5ab8-e4ea-9a58cf7205d0
KXNBATOTAL-25NOV08DALWAS-215,2025-11-09T02:22:37.51662Z,0.99,1,yes,29e04062-989f-4c1e-19b2-57fa78534224
KXNBATOTAL-25NOV08DALWAS-215,2025-11-09T02:22:24.759323Z,0.9,199,yes,1475b196-57fa-6c59-6ae7-cfe1a98e78eb
KXNBATOTAL-25NOV08DALWAS-215,2025-11-09T02:22:23.689659Z,0.9,1,yes,e0a3fb7b-5146-651d-8160-9390cb69940f
KXNBATOTAL-25NOV08DALWAS-215,2025-11-09T02:21:48.349151Z,0.61,3,no,5fa10af6-5d1b-58fc-0b8c-fcb08255f89c
KXNBATOTAL-25NOV08DALWAS-215,2025-11-09T02:21:46.043893Z,0.61,49,no,d8c96628-c293-40b8-176d-ea10aa40c828
KXNBATOTAL-25NOV08DALWAS-215,2025-11-09T02:21:16.585345Z,0.98,43,yes,34c2fc78-9acb-666a-4bce-5c9d3af44350
KXNBATOTAL-25NOV08DALWAS-215,2025-11-09T02:21:16.585345Z,0.99,51,yes,09744efb-a867-600a-6810-8b6f4414c514
KXNBATOTAL-25NOV08DALWAS-215,2025-11-09T02:20:57.950979Z,0.6,35,no,1f1e53e4-44b0-5333-93a7-dd2429e8cccd
KXNBATOTAL-25NOV08DALWAS-215,2025-11-09T02:20:07.590682Z,0.57,109,no,465ed555-155a-7a77-49a0-18d98a3c78c6
KXNBATOTAL-25NOV08DALWAS-215,2025-11-09T02:19:58.69223Z,0.57,33,no,b3be7858-0342-411b-c7cb-ef3dfd57a7e2
KXNBATOTAL-25NOV08DALWAS-215,2025-11-09T02:19:19.48273Z,0.75,19,no,1dcb3842-60fb-636c-8163-21e3ed7b1360
KXNBATOTAL-25NOV08DALWAS-215,2025-11-09T02:17:44.324215Z,0.91,20,no,d9715ac4-ef5c-7465-2d89-028d8d6c598a
KXNBATOTAL-25NOV08DALWAS-215,2025-11-09T02:17:34.940994Z,0.91,20,no,d8429abe-43ac-7811-a8fc-049a3c967996
KXNBATOTAL-25NOV08DALWAS-215,2025-11-09T02:15:45.948703Z,0.94,15,no,9b8b1ac4-1adf-5a5e-cec4-ea6b37046c30
KXNBATOTAL-25NOV08DALWAS-215,2025-11-09T02:15:33.993399Z,0.91,31,no,1489a069-dd14-7345-cdc8-643d9936a6c2
KXNBATOTAL-25NOV08DALWAS-215,2025-11-09T02:13:49.337805Z,0.95,15,yes,f67d358b-4cab-4eb4-d05d-84215a22a7f5
KXNBATOTAL-25NOV08DALWAS-215,2025-11-09T02:12:19.116123Z,0.92,2,yes,0e068b03-6765-565e-a99a-d90addd2691b
KXNBATOTAL-25NOV08DALWAS-215,2025-11-09T02:10:48.874219Z,0.75,30,no,e0c9ec86-01fb-7f80-77bb-e2b28bf1a708
KXNBATOTAL-25NOV08DALWAS-215,2025-11-09T02:10:43.855309Z,0.82,500,yes,4653bfd0-5d58-7b9a-c66b-e02aab992fdc
KXNBATOTAL-25NOV08DALWAS-215,2025-11-09T02:10:01.695968Z,0.78,500,yes,20c10643-f2e2-5aea-86ba-e9f76f16b366
KXNBATOTAL-25NOV08DALWAS-215,2025-11-09T02:08:57.751234Z,0.74,29,no,dc0c77b4-7df2-6d24-0f75-0d1ed0c8d5df
KXNBATOTAL-25NOV08DALWAS-215,2025-11-09T02:08:49.127431Z,0.78,500,yes,5b5bcf9b-90e9-4a7c-a52c-5630180d5beb
KXNBATOTAL-25NOV08DALWAS-215,2025-11-09T02:08:07.384815Z,0.9,96,no,7b2b2427-bd6a-668b-aa08-cf92062c82cb
KXNBATOTAL-25NOV08DALWAS-215,2025-11-09T02:07:28.854987Z,0.9,47,no,5461a76e-63ee-471f-0271-ae009191aedb
KXNBATOTAL-25NOV08DALWAS-215,2025-11-09T02:06:25.847486Z,0.9,5,no,218731d4-94aa-5bc7-7d54-03c408d8bb2b
KXNBATOTAL-25NOV08DALWAS-215,2025-11-09T02:06:18.406745Z,0.9,94,no,3c520dee-9d32-5857-9b51-e6d02861e4a7
KXNBATOTAL-25NOV08DALWAS-215,2025-11-09T01:58:38.459316Z,0.91,100,yes,ae3eff4a-8041-6942-1810-e49df48e7e7d
KXNBATOTAL-25NOV08DALWAS-215,2025-11-09T01:58:38.459316Z,0.92,9,yes,98afc02b-60f5-6891-39d6-4a37d4c2b987
KXNBATOTAL-25NOV08DALWAS-215,2025-11-09T01:56:47.535082Z,0.77,20,yes,26035f22-d2c1-74f6-2908-3197285e9756
KXNBATOTAL-25NOV08DALWAS-215,2025-11-09T01:56:46.773786Z,0.77,63,yes,185fa5b3-3dfd-5ec6-9d9f-d134be2d7046
KXNBATOTAL-25NOV08DALWAS-215,2025-11-09T01:45:56.622122Z,0.8,4,no,f59f0de5-eecd-6ba0-bc6c-18335e14cc06
KXNBATOTAL-25NOV08DALWAS-215,2025-11-09T01:44:07.825284Z,0.88,5,yes,bfe12f0c-5a94-5fd8-1ecf-6bc8dd0b2c99
KXNBATOTAL-25NOV08DALWAS-215,2025-11-09T01:40:15.349883Z,0.66,14,no,ce6ef675-40a2-5507-f0f7-28a5670c6e37
KXNBATOTAL-25NOV08DALWAS-215,2025-11-09T01:38:07.305128Z,0.78,30,no,c52c0c8f-2ce5-74d8-e02a-f848df4113de
KXNBATOTAL-25NOV08DALWAS-215,2025-11-09T01:35:45.524772Z,0.55,4,no,5b6705ee-cda9-4e75-8874-8ab83e01d948
KXNBATOTAL-25NOV08DALWAS-215,2025-11-09T01:34:03.667725Z,0.79,31,yes,b238fd7e-4aa6-6ec2-1272-bd81bc46bbbe
KXNBATOTAL-25NOV08DALWAS-215,2025-11-09T01:33:10.315388Z,0.66,224,no,8361d3c9-3e35-41ca-f37a-68586531cdfb
KXNBATOTAL-25NOV08DALWAS-215,2025-11-09T01:32:35.071525Z,0.64,2,no,2be4796e-d911-5248-7d11-98c41328d95c
KXNBATOTAL-25NOV08DALWAS-215,2025-11-09T01:32:24.951048Z,0.7,1000,no,b8c78db7-deaa-48cc-1b45-e6ef3d8fc0a7
KXNBATOTAL-25NOV08DALWAS-215,2025-11-09T01:32:14.707932Z,0.72,100,no,4386f482-a758-55e5-8e58-5347318af8b2
KXNBATOTAL-25NOV08DALWAS-215,2025-11-09T01:30:14.185808Z,0.92,1,yes,e64f295a-5958-6893-c703-1765bd95205f
KXNBATOTAL-25NOV08DALWAS-215,2025-11-09T01:28:26.449155Z,0.71,16,no,165d416e-44e2-4d44-ee24-0c2d48bbc153
KXNBATOTAL-25NOV08DALWAS-215,2025-11-09T01:21:07.907916Z,0.74,218,yes,e715bc99-fdb9-6c05-4751-ffe0b3bacd65
KXNBATOTAL-25NOV08DALWAS-215,2025-11-09T01:21:07.907916Z,0.73,71,yes,62ade20e-8a57-6873-5072-79c6e74fcb6f
KXNBATOTAL-25NOV08DALWAS-215,2025-11-09T01:20:52.678497Z,0.73,29,yes,22eb4710-cf1f-443f-a271-cde65c01bc93
KXNBATOTAL-25NOV08DALWAS-215,2025-11-09T01:19:11.919011Z,0.74,82,yes,4c4ae512-32ed-694d-303a-da442260d201
KXNBATOTAL-25NOV08DALWAS-215,2025-11-09T01:18:54.42938Z,0.67,189,no,9cb61dea-6fe4-6098-efe0-5695f8146fe0
KXNBATOTAL-25NOV08DALWAS-215,2025-11-09T01:18:54.42938Z,0.69,100,no,5e7badf8-d5ef-630b-e421-993422c1239a
KXNBATOTAL-25NOV08DALWAS-215,2025-11-09T01:18:47.70195Z,0.74,132,yes,2f266c24-eb6a-734e-0351-ca8060551c08
KXNBATOTAL-25NOV08DALWAS-215,2025-11-09T01:17:06.04429Z,0.74,151,yes,edb6c70f-cb4a-7d3a-9332-8235daef982c
KXNBATOTAL-25NOV08DALWAS-215,2025-11-09T01:14:14.436876Z,0.69,1,no,ee5c9bc3-7c59-7a45-9d8d-c1c1a4bfe0be
KXNBATOTAL-25NOV08DALWAS-215,2025-11-09T01:12:16.293784Z,0.65,47,no,e7f91cc0-4b1d-786b-05a5-253a1549210e
KXNBATOTAL-25NOV08DALWAS-215,2025-11-09T01:12:16.293784Z,0.65,2,no,2d987b2e-4df6-78f0-01d4-495beb2b276c
KXNBATOTAL-25NOV08DALWAS-215,2025-11-09T01:12:12.482827Z,0.72,136,yes,b41fda42-a434-6a62-0ce7-69f711b56fc2
KXNBATOTAL-25NOV08DALWAS-215,2025-11-09T01:12:08.786018Z,0.72,68,yes,0b6d57cf-2280-7d1a-4152-074c657f57e6
KXNBATOTAL-25NOV08DALWAS-215,2025-11-09T01:07:24.436782Z,0.7,1,no,25a94548-8f5e-78dd-4f61-7b33bdf96d97
KXNBATOTAL-25NOV08DALWAS-215,2025-11-09T01:06:46.632367Z,0.75,200,no,c2cc4194-cc30-6618-e076-147aec41c37f
KXNBATOTAL-25NOV08DALWAS-215,2025-11-09T01:06:33.439452Z,0.76,200,no,2ac9a984-bcf8-528b-58ed-4a688c3f7159
KXNBATOTAL-25NOV08DALWAS-215,2025-11-09T01:02:40.134059Z,0.97,1,yes,ff32421a-d0c5-44c1-e27a-c6118cf8f59b
KXNBATOTAL-25NOV08DALWAS-215,2025-11-09T00:58:41.792353Z,0.8,2,no,bb55fab3-3f81-678e-3de7-651cd5e382fb
KXNBATOTAL-25NOV08DALWAS-215,2025-11-09T00:58:41.792353Z,0.79,19,no,ae6f3d44-9ad8-673a-3017-fefe0e568320
KXNBATOTAL-25NOV08DALWAS-215,2025-11-09T00:57:13.646319Z,0.88,522,no,7c67e04b-8555-6eeb-8b7c-0480e55fbe82
KXNBATOTAL-25NOV08DALWAS-215,2025-11-09T00:55:10.476675Z,0.91,1,no,273aa801-696e-4dcf-d9c0-ad7551c516b2
KXNBATOTAL-25NOV08DALWAS-215,2025-11-09T00:51:34.544171Z,0.94,157,no,0e0461db-4d73-64f9-8ed6-41d230103817
KXNBATOTAL-25NOV08DALWAS-215,2025-11-09T00:51:17.731843Z,0.94,43,yes,2b9f3b93-eb54-57e1-6d85-0880e5f9258f
KXNBATOTAL-25NOV08DALWAS-215,2025-11-09T00:49:29.519358Z,0.94,30,yes,7a3aca3c-6400-50f1-ee4a-ed152748cb77
KXNBATOTAL-25NOV08DALWAS-215,2025-11-09T00:47:56.582878Z,0.94,52,yes,d3fd96fe-04e4-76ed-2a0d-7c05dcaac65f
KXNBATOTAL-25NOV08DALWAS-215,2025-11-09T00:47:20.94076Z,0.94,10,yes,57d052f0-6244-424d-3676-92e71e97ab83
KXNBATOTAL-25NOV08DALWAS-215,2025-11-09T00:46:29.974951Z,0.94,10,yes,277ac072-38bc-7775-4a52-842f723f9337
KXNBATOTAL-25NOV08DALWAS-215,2025-11-09T00:46:29.832449Z,0.94,5,yes,51bdd662-2e8c-616d-2174-4a77358b0b8f
KXNBATOTAL-25NOV08DALWAS-215,2025-11-09T00:45:56.684156Z,0.94,10,yes,861b2832-eb6c-5365-02ba-3abd9684eccb
KXNBATOTAL-25NOV08DALWAS-215,2025-11-09T00:45:17.939044Z,0.92,10,yes,b6c6aaeb-1ac4-414b-30e6-bb118be4c7a6
KXNBATOTAL-25NOV08DALWAS-215,2025-11-09T00:44:50.811703Z,0.89,8,no,18d8f321-fc73-55fc-4e05-53e863b9d1ff
KXNBATOTAL-25NOV08DALWAS-215,2025-11-09T00:44:23.256641Z,0.89,8,no,2160669b-c900-63ba-4a62-2e51aaedb0ea
KXNBATOTAL-25NOV08DALWAS-215,2025-11-09T00:42:00.765736Z,0.89,42,no,ba907725-a97b-5507-c368-d4380576e800
KXNBATOTAL-25NOV08DALWAS-215,2025-11-09T00:40:08.076563Z,0.94,35,yes,ee766809-2b38-64fd-4926-7fbe048122fb
KXNBATOTAL-25NOV08DALWAS-215,2025-11-09T00:40:08.076563Z,0.93,11,yes,d440c81d-720c-6cfc-6b7c-db5b61942b74
KXNBATOTAL-25NOV08DALWAS-215,2025-11-09T00:40:08.076563Z,0.93,7,yes,642c0d0d-87cf-68f4-52c1-2e81b41fa88a
KXNBATOTAL-25NOV08DALWAS-215,2025-11-09T00:37:54.633303Z,0.88,78,no,15098751-2ffd-5617-f8b8-a198730f645e
KXNBATOTAL-25NOV08DALWAS-215,2025-11-09T00:37:51.618131Z,0.93,6,yes,2e0812d1-d39b-7d0c-1be8-044522514212
KXNBATOTAL-25NOV08DALWAS-215,2025-11-09T00:37:51.618131Z,0.92,4,yes,1be8902e-eea9-727d-0f66-87b918ac075f
KXNBATOTAL-25NOV08DALWAS-215,2025-11-09T00:37:02.137149Z,0.87,13,no,63343a2d-588c-725c-a306-b1236df20cd1
KXNBATOTAL-25NOV08DALWAS-215,2025-11-09T00:35:59.416585Z,0.89,658,yes,2a8f9f1d-2904-79cf-83d6-64de3e9a1612
KXNBATOTAL-25NOV08DALWAS-215,2025-11-09T00:35:53.581261Z,0.76,11,no,fa8f6a0d-2f0c-4d91-c16e-479701aa758b
KXNBATOTAL-25NOV08DALWAS-215,2025-11-09T00:35:50.830067Z,0.88,29,yes,4fddcc5a-96e7-53fe-2d66-9ad5e7ad4646
KXNBATOTAL-25NOV08DALWAS-215,2025-11-09T00:29:36.924509Z,0.84,30,no,11994cf2-58e2-58fb-408f-4a7068206f95
KXNBATOTAL-25NOV08DALWAS-215,2025-11-09T00:27:19.907177Z,0.84,1,no,b9fbc25d-1610-4847-a14d-88a52450e050
KXNBATOTAL-25NOV08DALWAS-215,2025-11-09T00:27:19.907177Z,0.84,30,no,785830a4-765c-44bd-92cc-b50de370d6b8
KXNBATOTAL-25NOV08DALWAS-215,2025-11-09T00:27:19.907177Z,0.76,177,no,3f06cbf6-9b71-4393-90dd-53b7de15d8b9
KXNBATOTAL-25NOV08DALWAS-215,2025-11-09T00:25:51.532076Z,0.84,29,no,7ec1c796-a538-779f-6883-b1a638e58e7c
KXNBATOTAL-25NOV08DALWAS-215,2025-11-09T00:14:13.097499Z,0.94,105,yes,c59f6d25-abd4-4c75-7329-ebc9573a9d67
KXNBATOTAL-25NOV08DALWAS-215,2025-11-09T00:03:07.98858Z,0.86,113,yes,61c7278b-3685-43c3-20c7-ff3b4e92e4da
KXNBATOTAL-25NOV08DALWAS-215,2025-11-08T23:54:01.468679Z,0.86,329,yes,379d7a6e-c6c5-6c2a-703b-b1e6512b606c
KXNBATOTAL-25NOV08DALWAS-215,2025-11-08T23:54:01.468679Z,0.86,200,yes,12b26ab7-b809-6807-46c6-1b26298b4650
KXNBATOTAL-25NOV08DALWAS-215,2025-11-08T23:47:51.804952Z,0.79,7,no,10b17fd5-4ace-6fc2-b626-f8b8af3b89e5
KXNBATOTAL-25NOV08DALWAS-215,2025-11-08T23:47:02.352439Z,0.84,5,no,e8577dcd-3aa6-794a-9b7f-8b2b89ea0fd5
KXNBATOTAL-25NOV08DALWAS-215,2025-11-08T23:47:02.352439Z,0.79,27,no,65dfc83c-941e-749a-8ac1-9b52cb7ad27d
KXNBATOTAL-25NOV08DALWAS-215,2025-11-08T23:42:07.124003Z,0.84,10,yes,3fca04d5-1102-6359-1a06-e7593e4b6421
KXNBATOTAL-25NOV08DALWAS-215,2025-11-08T23:34:19.940052Z,0.79,4,no,d903fb35-7936-6af2-dff1-60c67bc9b681
KXNBATOTAL-25NOV08DALWAS-215,2025-11-08T23:27:17.131187Z,0.78,21,no,82e716ff-9813-590f-2f64-0021572f4c84
KXNBATOTAL-25NOV08DALWAS-215,2025-11-08T23:24:13.175884Z,0.79,423,no,70e9177c-c2d6-745c-6a86-b23cd55a9a21
KXNBATOTAL-25NOV08DALWAS-215,2025-11-08T23:24:13.175884Z,0.79,10,no,614a0d95-19da-78f8-425e-70682ebeedce
KXNBATOTAL-25NOV08DALWAS-215,2025-11-08T23:13:13.970366Z,0.85,18,yes,336fc696-cc5f-627e-63fb-a928dfd2ad13
KXNBATOTAL-25NOV08DALWAS-215,2025-11-08T23:03:42.214748Z,0.78,413,no,04877f3a-79f3-66f5-52c0-9023b21a97dd
KXNBATOTAL-25NOV08DALWAS-215,2025-11-08T23:00:33.041238Z,0.77,42,no,2ff5bb24-c334-4a24-5c4e-c9b1f2dd12b5
KXNBATOTAL-25NOV08DALWAS-215,2025-11-08T22:59:39.678209Z,0.78,230,yes,14bd7c01-7b8e-62a5-dc45-6824c386dcf7
KXNBATOTAL-25NOV08DALWAS-215,2025-11-08T22:47:17.400733Z,0.78,1000,yes,a3c2cc5e-5032-5aad-5551-9b22710e8fab
KXNBATOTAL-25NOV08DALWAS-215,2025-11-08T22:44:52.03601Z,0.78,770,yes,d7ce55fa-5762-67c1-dd21-3698ec51918f
KXNBATOTAL-25NOV08DALWAS-215,2025-11-08T22:32:19.766004Z,0.8,759,yes,ef7f8c06-f9af-7990-dc85-c734ff85b976
KXNBATOTAL-25NOV08DALWAS-215,2025-11-08T22:31:34.639029Z,0.8,759,yes,ee9506bd-b85b-7314-7d7a-ec185ad02f42
KXNBATOTAL-25NOV08DALWAS-215,2025-11-08T21:48:34.37139Z,0.78,43,no,0327838b-bcb8-641f-64bd-0e89c4c44ab8
KXNBATOTAL-25NOV08DALWAS-215,2025-11-08T21:31:49.885148Z,0.78,21,no,9b2b6ab3-d060-4047-d276-5da3354ba8b4
KXNBATOTAL-25NOV08DALWAS-215,2025-11-08T20:40:54.852658Z,0.79,90,no,28fe795c-ee3a-586e-256d-bbfea65f7a8d
KXNBATOTAL-25NOV08DALWAS-215,2025-11-08T20:39:39.938328Z,0.79,22,no,89f5d44d-5e3a-5956-c1c7-14ed366b60b5
KXNBATOTAL-25NOV08DALWAS-215,2025-11-08T20:08:41.896613Z,0.85,113,yes,6519702f-e12a-5044-1334-539138c70104
KXNBATOTAL-25NOV08DALWAS-215,2025-11-08T20:08:41.896613Z,0.8,3,yes,36997220-01d1-5e7c-3f6a-84f563a0db96
KXNBATOTAL-25NOV08DALWAS-215,2025-11-08T20:07:46.745811Z,0.78,1,no,9378bc25-dce1-5927-0630-902226a80d6f
KXNBATOTAL-25NOV08DALWAS-215,2025-11-08T19:47:29.772757Z,0.8,197,yes,922890b6-4cc1-6ea4-a829-525c3a752216
KXNBATOTAL-25NOV08DALWAS-215,2025-11-08T19:38:33.037283Z,0.79,90,no,41738d8d-3575-4e61-0765-6fe5fecb152e
KXNBATOTAL-25NOV08DALWAS-215,2025-11-08T16:32:20.763063Z,0.73,14,no,204ad859-439b-65eb-7ade-e5b16d9b17d1
KXNBATOTAL-25NOV08DALWAS-215,2025-11-08T15:31:20.014439Z,0.78,2000,yes,5dd30b5f-8ead-43b4-eae4-298bad39ffd8
KXNBATOTAL-25NOV08DALWAS-215,2025-11-08T14:33:57.806141Z,0.72,34,no,dc3b9aa1-bb54-6ebd-376b-1e7412c90c7a
