ticker,created_time,price,count,taker_side,trade_id
KXNBASPREAD-25NOV05PHICLE-CLE19,2025-11-06T02:38:52.732969Z,0.01,21,yes,b2ba9375-509e-59e4-8bd4-8bfc44c84ead
KXNBASPREAD-25NOV05PHICLE-CLE19,2025-11-06T02:32:03.391176Z,0.01,241,no,d1777aef-b4f7-6b79-0649-72b304db1c9a
KXNBASPREAD-25NOV05PHICLE-CLE19,2025-11-06T02:31:18.377696Z,0.01,5,no,97072d67-a917-705d-71ee-c327ffc26012
KXNBASPREAD-25NOV05PHICLE-CLE19,2025-11-06T02:31:05.843299Z,0.01,144,no,ce869316-d527-4ff1-3d6b-7041e614b9b6
KXNBASPREAD-25NOV05PHICLE-CLE19,2025-11-06T02:30:59.039884Z,0.01,110,no,bae57420-41df-4819-c189-53bcbbbbaa92
KXNBASPREAD-25NOV05PHICLE-CLE19,2025-11-06T02:30:59.039884Z,0.02,500,no,900a565a-dff3-491d-eb94-523635c7c051
KXNBASPREAD-25NOV05PHICLE-CLE19,2025-11-06T02:25:41.299163Z,0.25,4,yes,00a4e258-2b58-497d-bf0b-3616091ccd13
KXNBASPREAD-25NOV05PHICLE-CLE19,2025-11-06T02:24:21.636237Z,0.24,1,no,7f8d1a7c-71d3-4d42-7bec-7bd7f2a3793b
KXNBASPREAD-25NOV05PHICLE-CLE19,2025-11-06T02:23:27.387373Z,0.33,28,yes,deb56754-187b-5e34-6ebb-79e1d0a96b46
KXNBASPREAD-25NOV05PHICLE-CLE19,2025-11-06T02:21:44.307741Z,0.28,166,yes,249b8d6a-d3ad-4848-9985-0c5481e045e9
KXNBASPREAD-25NOV05PHICLE-CLE19,2025-11-06T02:17:06.313808Z,0.42,20,no,ef51599a-1a51-69c3-fd42-7f1ec1a414d2
KXNBASPREAD-25NOV05PHICLE-CLE19,2025-11-06T02:16:03.373968Z,0.56,15,no,ca55e6ea-657a-48f2-8d84-b1e10148638a
KXNBASPREAD-25NOV05PHICLE-CLE19,2025-11-06T02:16:02.470919Z,0.55,500,no,8dc4797a-640f-76c5-57e1-c0921687ca49
KXNBASPREAD-25NOV05PHICLE-CLE19,2025-11-06T02:15:55.255745Z,0.56,87,no,0b65fd43-1c8f-55a8-2294-b47716aa034d
KXNBASPREAD-25NOV05PHICLE-CLE19,2025-11-06T02:15:55.248136Z,0.56,111,no,0c582877-da8f-53b0-ba9d-7750f9d960f5
KXNBASPREAD-25NOV05PHICLE-CLE19,2025-11-06T02:15:38.896079Z,0.64,500,no,7f515304-5fd9-4cd2-f7a1-c3b2164a7ef4
KXNBASPREAD-25NOV05PHICLE-CLE19,2025-11-06T02:14:17.436615Z,0.53,92,no,da44e399-95d2-696b-c12d-151fedff0449
KXNBASPREAD-25NOV05PHICLE-CLE19,2025-11-06T02:13:47.233711Z,0.51,9,no,ab5559de-a649-599c-ab91-e1b6083c4662
KXNBASPREAD-25NOV05PHICLE-CLE19,2025-11-06T02:13:25.650234Z,0.56,1,yes,83cd97dc-bb63-7563-39a8-68ae540da4cf
KXNBASPREAD-25NOV05PHICLE-CLE19,2025-11-06T02:10:14.73637Z,0.61,144,yes,1d61dc66-ca96-6ed3-3ea2-82d32769a022
KXNBASPREAD-25NOV05PHICLE-CLE19,2025-11-06T02:09:47.835727Z,0.53,383,yes,6b8b1cc6-a65f-755a-f6f1-a09e0ff819f1
KXNBASPREAD-25NOV05PHICLE-CLE19,2025-11-06T02:09:24.899566Z,0.58,500,yes,7ed17d00-2f41-4b00-ce23-0756ab2de6d5
KXNBASPREAD-25NOV05PHICLE-CLE19,2025-11-06T02:09:22.213681Z,0.56,500,yes,1c847e10-1b7c-4286-e4aa-e84a992adf84
KXNBASPREAD-25NOV05PHICLE-CLE19,2025-11-06T02:08:52.418049Z,0.62,7,yes,3810e9f4-c118-7974-c002-ccaa1572ebc4
KXNBASPREAD-25NOV05PHICLE-CLE19,2025-11-06T02:08:28.761402Z,0.61,500,yes,b921bd29-9531-59a1-3728-ae45afed9111
KXNBASPREAD-25NOV05PHICLE-CLE19,2025-11-06T02:03:48.701176Z,0.55,500,yes,57cc32c3-a1a2-7089-e684-d0ce7e0fe632
KXNBASPREAD-25NOV05PHICLE-CLE19,2025-11-06T02:03:14.537504Z,0.53,51,no,335989aa-1b93-798e-c3d9-78b1337e3a4e
KXNBASPREAD-25NOV05PHICLE-CLE19,2025-11-06T02:02:38.140858Z,0.53,20,no,14f495fb-a163-46ea-4447-208e482740e6
KXNBASPREAD-25NOV05PHICLE-CLE19,2025-11-06T01:59:27.739975Z,0.51,490,yes,cab08594-f5f4-5a0e-cb59-cc9d311f1f58
KXNBASPREAD-25NOV05PHICLE-CLE19,2025-11-06T01:58:54.585182Z,0.46,104,yes,16b3bbf6-f285-59d0-00eb-7ee156c25efe
KXNBASPREAD-25NOV05PHICLE-CLE19,2025-11-06T01:45:47.231055Z,0.26,21,no,69e75499-8132-6cdd-a6f8-edc08e518f0f
KXNBASPREAD-25NOV05PHICLE-CLE19,2025-11-06T01:43:58.066689Z,0.25,300,yes,f273ffa3-ecba-710c-ac42-22e3c571dd66
KXNBASPREAD-25NOV05PHICLE-CLE19,2025-11-06T01:10:45.10329Z,0.27,300,no,6c61cd84-f291-54c6-75cb-c6bc22965d6c
KXNBASPREAD-25NOV05PHICLE-CLE19,2025-11-06T00:39:00.333456Z,0.44,100,yes,fc719c38-1015-5e83-e36c-4e27d2f61396
KXNBASPREAD-25NOV05PHICLE-CLE19,2025-11-06T00:30:43.940261Z,0.44,32,no,93ff4fd4-a1e1-5221-d504-ed25224c0710
KXNBASPREAD-25NOV05PHICLE-CLE19,2025-11-06T00:30:14.075384Z,0.46,179,no,876d7bae-4d2d-7196-55ec-d07ca7656cf9
KXNBASPREAD-25NOV05PHICLE-CLE19,2025-11-06T00:30:12.431028Z,0.51,189,yes,9b1e3442-08a9-7f84-6c05-c43e63293c23
KXNBASPREAD-25NOV05PHICLE-CLE19,2025-11-06T00:29:47.963374Z,0.46,10,no,f5557087-317f-4fba-c279-8e5c5a0e4d9e
KXNBASPREAD-25NOV05PHICLE-CLE19,2025-11-06T00:28:51.135043Z,0.48,100,yes,fd23444b-afe0-4ef5-1e3c-0ca05520d153
KXNBASPREAD-25NOV05PHICLE-CLE19,2025-11-06T00:28:51.135043Z,0.53,91,yes,87e50617-108f-44bc-284c-419e05acd6ee
KXNBASPREAD-25NOV05PHICLE-CLE19,2025-11-06T00:19:59.353264Z,0.4,6,no,611680b8-aa63-6396-1365-b488b0c010f0
KXNBASPREAD-25NOV05PHICLE-CLE19,2025-11-06T00:15:40.225152Z,0.39,4,no,01c515dd-8859-7e88-1552-a19d53de769c
KXNBASPREAD-25NOV05PHICLE-CLE19,2025-11-05T20:17:55.332259Z,0.23,25,no,4fe67b13-6f62-528e-c73b-b2f2617be1c3
KXNBASPREAD-25NOV05PHICLE-CLE19,2025-11-05T12:57:50.945785Z,0.21,623,no,f9bd120b-a694-40ed-602d-a02e0ee1312c
