ticker,created_time,price,count,taker_side,trade_id
KXNBASPREAD-25NOV05PHICLE-CLE16,2025-11-06T02:37:14.758497Z,0.01,85,yes,287238aa-86e3-5904-054a-742db3459b31
KXNBASPREAD-25NOV05PHICLE-CLE16,2025-11-06T02:35:10.556941Z,0.01,372,yes,1939d7b3-af53-5f44-8a70-cceacf533605
KXNBASPREAD-25NOV05PHICLE-CLE16,2025-11-06T02:34:47.33592Z,0.01,465,no,08986b9d-8a22-7a1a-dbb3-d41a7e07ed0a
KXNBASPREAD-25NOV05PHICLE-CLE16,2025-11-06T02:34:37.187437Z,0.01,35,no,a7a5cf86-52be-4b5a-5edd-8301d5b3a472
KXNBASPREAD-25NOV05PHICLE-CLE16,2025-11-06T02:25:54.256199Z,0.45,36,yes,676826d5-038a-7965-d72e-70703bf38fc2
KXNBASPREAD-25NOV05PHICLE-CLE16,2025-11-06T02:24:54.921Z,0.49,19,yes,7f5686e3-6e4e-5e16-b78d-fe4009fd8ace
KXNBASPREAD-25NOV05PHICLE-CLE16,2025-11-06T02:23:24.574407Z,0.54,35,yes,cd90048f-c85e-5bec-40cb-b3c89ce7c0fb
KXNBASPREAD-25NOV05PHICLE-CLE16,2025-11-06T02:22:08.687053Z,0.31,85,no,efcd32e1-5f32-6aa0-a19f-a7c7e96c040c
KXNBASPREAD-25NOV05PHICLE-CLE16,2025-11-06T02:21:45.580387Z,0.44,300,yes,9b9f3aec-6872-7b44-89c4-f6ade9991e3d
KXNBASPREAD-25NOV05PHICLE-CLE16,2025-11-06T02:20:55.40717Z,0.44,30,yes,52443831-5eda-696d-3912-8bd03f749b2f
KXNBASPREAD-25NOV05PHICLE-CLE16,2025-11-06T02:19:49.840314Z,0.48,500,no,99603257-8081-47f8-a234-235720254db0
KXNBASPREAD-25NOV05PHICLE-CLE16,2025-11-06T02:19:29.356213Z,0.66,80,no,1a0c1954-2ba7-5c75-a65a-13365100dc08
KXNBASPREAD-25NOV05PHICLE-CLE16,2025-11-06T02:18:57.227112Z,0.67,1,yes,1030e383-fe9e-7beb-9b01-78c500cc61b4
KXNBASPREAD-25NOV05PHICLE-CLE16,2025-11-06T02:17:49.068553Z,0.66,20,no,c285d93c-2933-48b1-2416-7f84b6a087dc
KXNBASPREAD-25NOV05PHICLE-CLE16,2025-11-06T02:17:48.418589Z,0.67,29,yes,41ae53e0-db0b-4678-a469-5fd60e812266
KXNBASPREAD-25NOV05PHICLE-CLE16,2025-11-06T02:07:45.171675Z,0.75,675,yes,9864a749-304f-4ea0-f4cb-1226501a9dcd
KXNBASPREAD-25NOV05PHICLE-CLE16,2025-11-06T02:06:51.183423Z,0.67,30,no,ff8769ae-76f9-6b2c-0021-0e8a9d15b6d1
KXNBASPREAD-25NOV05PHICLE-CLE16,2025-11-06T01:59:24.634249Z,0.59,500,yes,75f200f4-ac23-646f-c562-0e7d7783d62f
KXNBASPREAD-25NOV05PHICLE-CLE16,2025-11-06T01:59:22.200296Z,0.59,500,yes,4ba550ce-3d87-497c-5d3f-c0d68e4e7e2a
KXNBASPREAD-25NOV05PHICLE-CLE16,2025-11-06T01:59:20.681055Z,0.53,173,no,d9de30f2-f051-7254-e0c3-700355b7103a
KXNBASPREAD-25NOV05PHICLE-CLE16,2025-11-06T01:59:05.82437Z,0.52,201,no,a3472895-e58d-4868-b728-494db9bc12f1
KXNBASPREAD-25NOV05PHICLE-CLE16,2025-11-06T01:57:07.617668Z,0.46,462,yes,56dcc137-df55-635c-55fa-159f16f3ae58
KXNBASPREAD-25NOV05PHICLE-CLE16,2025-11-06T01:56:48.749816Z,0.45,160,yes,d87da92d-d660-5bdf-3c87-ff3b8ddd7ef6
KXNBASPREAD-25NOV05PHICLE-CLE16,2025-11-06T01:51:57.006247Z,0.4,166,yes,0b70fd5e-84c6-5038-c32d-a713b4ef366b
KXNBASPREAD-25NOV05PHICLE-CLE16,2025-11-06T01:48:19.44832Z,0.3,63,yes,df915286-b385-7ace-a034-7b8ed87e839d
KXNBASPREAD-25NOV05PHICLE-CLE16,2025-11-06T01:46:31.601222Z,0.37,13,no,f9420101-f2f4-6fdc-68e5-776e248c5d6a
KXNBASPREAD-25NOV05PHICLE-CLE16,2025-11-06T01:45:37.809326Z,0.45,14,yes,6a39299e-fba1-483f-23a8-d8c3d02abe8c
KXNBASPREAD-25NOV05PHICLE-CLE16,2025-11-06T01:43:53.794055Z,0.34,36,no,cec281db-2ca1-7abe-232e-1aaf655be358
KXNBASPREAD-25NOV05PHICLE-CLE16,2025-11-06T01:18:53.47039Z,0.27,2,yes,6a40540e-9e3c-7430-2bff-8440f5f1bfa4
KXNBASPREAD-25NOV05PHICLE-CLE16,2025-11-06T01:18:22.171121Z,0.17,29,no,4f7bf5ac-54cd-4f9c-a909-4ec0bf89bc94
KXNBASPREAD-25NOV05PHICLE-CLE16,2025-11-06T01:17:38.82317Z,0.29,76,yes,b53adeed-647d-5f93-7146-c6f0d33204db
KXNBASPREAD-25NOV05PHICLE-CLE16,2025-11-06T01:15:20.378526Z,0.36,56,no,7cccf8ca-9333-615c-922c-e97921fc3a99
KXNBASPREAD-25NOV05PHICLE-CLE16,2025-11-06T01:12:19.322731Z,0.36,49,no,c7499abb-d45b-7a9c-02f9-2d81587721ed
KXNBASPREAD-25NOV05PHICLE-CLE16,2025-11-06T01:09:56.160717Z,0.37,44,yes,a9eb24f5-db80-58fd-9fa7-d20002d86aba
KXNBASPREAD-25NOV05PHICLE-CLE16,2025-11-06T01:09:37.13677Z,0.36,15,no,b8007390-4733-6130-0b64-d131fd31a759
KXNBASPREAD-25NOV05PHICLE-CLE16,2025-11-06T01:06:40.613653Z,0.42,57,yes,170b99c6-48af-5ff3-b584-7d4b53f24718
KXNBASPREAD-25NOV05PHICLE-CLE16,2025-11-06T01:05:53.11715Z,0.44,150,yes,cb6e22ef-2f16-49dd-9a06-15672cc51c59
KXNBASPREAD-25NOV05PHICLE-CLE16,2025-11-06T01:05:52.445669Z,0.44,150,yes,23eb2a7a-21b2-7f8c-e8e9-8d677241bce2
KXNBASPREAD-25NOV05PHICLE-CLE16,2025-11-06T00:57:15.326405Z,0.4,500,yes,056f53f3-223a-56d2-8351-c26b8e2b54d9
KXNBASPREAD-25NOV05PHICLE-CLE16,2025-11-06T00:54:03.347397Z,0.44,86,no,ebc67a43-c0dd-6178-2cbd-918bf1dd8f40
KXNBASPREAD-25NOV05PHICLE-CLE16,2025-11-06T00:53:58.925332Z,0.44,34,no,29e1c972-7275-7124-d346-8895f2872bc4
KXNBASPREAD-25NOV05PHICLE-CLE16,2025-11-06T00:50:46.678662Z,0.39,90,no,85a8afaf-9a9c-53be-56e4-4d6af9abb042
KXNBASPREAD-25NOV05PHICLE-CLE16,2025-11-06T00:50:46.573112Z,0.39,90,no,2be9b8ed-5e10-6282-1274-c3e2525dd162
KXNBASPREAD-25NOV05PHICLE-CLE16,2025-11-06T00:50:43.717354Z,0.39,90,no,51f4d35d-a63c-675e-315d-6008f805502a
KXNBASPREAD-25NOV05PHICLE-CLE16,2025-11-06T00:49:39.910206Z,0.42,90,yes,b2debcbf-b1a5-6c04-6633-9b403278edca
KXNBASPREAD-25NOV05PHICLE-CLE16,2025-11-06T00:49:39.175581Z,0.42,90,yes,fff32bb5-9e59-5094-68d8-3107da6176f2
KXNBASPREAD-25NOV05PHICLE-CLE16,2025-11-06T00:49:39.099002Z,0.42,90,yes,175d0184-d095-71d8-f46d-4ec1e557a6e2
KXNBASPREAD-25NOV05PHICLE-CLE16,2025-11-06T00:49:27.85043Z,0.38,417,no,6ee5382c-6d07-73b5-8f4a-28bce56c493f
KXNBASPREAD-25NOV05PHICLE-CLE16,2025-11-06T00:49:20.315177Z,0.39,500,no,7dc2cd85-2593-42b8-9b88-d4dd69b06494
KXNBASPREAD-25NOV05PHICLE-CLE16,2025-11-06T00:49:10.564799Z,0.3,917,no,d94acda7-d866-6b3f-e4fc-89c32ce549b8
KXNBASPREAD-25NOV05PHICLE-CLE16,2025-11-06T00:49:10.564799Z,0.4,500,no,8324a61a-fa2d-6b5f-e020-28e4a2416e74
KXNBASPREAD-25NOV05PHICLE-CLE16,2025-11-06T00:49:10.564799Z,0.42,500,no,52c0ce84-4330-6fe8-dab3-ca84ddb32e38
KXNBASPREAD-25NOV05PHICLE-CLE16,2025-11-06T00:46:40.716979Z,0.48,50,yes,0e817090-f819-7d5d-7830-db90a6075b7d
KXNBASPREAD-25NOV05PHICLE-CLE16,2025-11-06T00:44:52.681456Z,0.47,555,no,c82865a4-cf78-51d5-7453-102c35d8bbc7
KXNBASPREAD-25NOV05PHICLE-CLE16,2025-11-06T00:44:52.681456Z,0.42,328,no,9da2f88b-b221-5450-6795-3a2529adf481
KXNBASPREAD-25NOV05PHICLE-CLE16,2025-11-06T00:44:02.197281Z,0.51,76,no,0405e44f-1819-7f0f-8eb5-7c5f3a8f2a55
KXNBASPREAD-25NOV05PHICLE-CLE16,2025-11-06T00:43:27.136969Z,0.47,446,no,735dfaff-dbd7-77c7-2c72-8b681a0e9b2d
KXNBASPREAD-25NOV05PHICLE-CLE16,2025-11-06T00:43:27.136969Z,0.51,500,no,700d5c5d-c66b-7ab3-15dd-02b21646b364
KXNBASPREAD-25NOV05PHICLE-CLE16,2025-11-06T00:42:03.979514Z,0.53,5,yes,40ed11d6-5ea8-7b17-a7cb-36619560f9cc
KXNBASPREAD-25NOV05PHICLE-CLE16,2025-11-06T00:39:57.696487Z,0.5,25,no,dda55ddf-38ab-4106-5fc6-1afa646510aa
KXNBASPREAD-25NOV05PHICLE-CLE16,2025-11-06T00:38:08.190035Z,0.51,100,yes,4c2a2495-7e44-76c2-15bc-2de6b2681260
KXNBASPREAD-25NOV05PHICLE-CLE16,2025-11-06T00:36:47.080912Z,0.47,500,no,6c23a069-104a-7cfc-c3b3-dbeb6a97ff6b
KXNBASPREAD-25NOV05PHICLE-CLE16,2025-11-06T00:33:47.792106Z,0.48,27,no,a34ebff9-a7f2-7310-4b72-56a2b0eb095f
KXNBASPREAD-25NOV05PHICLE-CLE16,2025-11-06T00:33:39.36965Z,0.49,500,no,b6173877-c2f3-6cb5-d3fd-04653f303f8f
KXNBASPREAD-25NOV05PHICLE-CLE16,2025-11-06T00:33:39.36965Z,0.37,27,no,53d4a351-7c5a-6757-d732-18d048791383
KXNBASPREAD-25NOV05PHICLE-CLE16,2025-11-06T00:33:39.36965Z,0.48,500,no,507ec202-c6de-6998-f4e3-a9558435a38b
KXNBASPREAD-25NOV05PHICLE-CLE16,2025-11-06T00:32:03.933277Z,0.46,44,no,ea301068-0bd8-7c94-ed57-ef69a4376ced
KXNBASPREAD-25NOV05PHICLE-CLE16,2025-11-06T00:31:27.055579Z,0.5,36,no,82ef95ea-faa3-766c-0138-50387d0fe373
KXNBASPREAD-25NOV05PHICLE-CLE16,2025-11-06T00:31:06.729195Z,0.5,5,no,42311032-fa89-6b9d-f064-d7e5b7b1c4c3
KXNBASPREAD-25NOV05PHICLE-CLE16,2025-11-06T00:30:06.478941Z,0.53,10,no,05a77db8-4492-7ca9-cd63-92bea157197b
KXNBASPREAD-25NOV05PHICLE-CLE16,2025-11-06T00:27:12.006456Z,0.51,59,no,cbd8d8e9-66de-68f4-dd53-36cbb9989f16
KXNBASPREAD-25NOV05PHICLE-CLE16,2025-11-06T00:27:00.874418Z,0.56,402,yes,f0649ccb-c64b-4366-8f82-95a1b46a3e27
KXNBASPREAD-25NOV05PHICLE-CLE16,2025-11-06T00:27:00.874418Z,0.52,24,yes,ced89423-b133-4638-a9be-b39d30e265c3
KXNBASPREAD-25NOV05PHICLE-CLE16,2025-11-06T00:26:22.552937Z,0.48,9,no,35b4250f-410a-6524-3045-32d9f027cf55
KXNBASPREAD-25NOV05PHICLE-CLE16,2025-11-06T00:23:44.56486Z,0.47,500,yes,10d3f359-2b7a-5a99-9ef6-97203b90e192
KXNBASPREAD-25NOV05PHICLE-CLE16,2025-11-06T00:22:59.511441Z,0.46,167,yes,6e56ebf5-01c7-7cb1-077a-d375e331799f
KXNBASPREAD-25NOV05PHICLE-CLE16,2025-11-06T00:21:17.481793Z,0.43,121,no,91445fa8-f652-7ec7-28b6-8548843b8cbb
KXNBASPREAD-25NOV05PHICLE-CLE16,2025-11-06T00:21:17.481793Z,0.42,45,no,8ec38771-75ba-7043-02b3-1a1432448584
KXNBASPREAD-25NOV05PHICLE-CLE16,2025-11-06T00:21:16.04507Z,0.47,1,yes,8952509a-331f-416b-7120-cac3a28d0033
KXNBASPREAD-25NOV05PHICLE-CLE16,2025-11-06T00:19:38.037828Z,0.48,1,no,aabc285c-3eba-6e19-c28c-b6d7c645f3ff
KXNBASPREAD-25NOV05PHICLE-CLE16,2025-11-06T00:19:38.037828Z,0.48,268,no,71e07233-98e9-64a4-cea0-421a281c3442
KXNBASPREAD-25NOV05PHICLE-CLE16,2025-11-06T00:19:38.037828Z,0.47,282,no,29372176-dde1-69f8-e077-385c5abcd6db
KXNBASPREAD-25NOV05PHICLE-CLE16,2025-11-06T00:19:10.408526Z,0.48,17,no,b6784374-272e-7599-463c-5830719cf911
KXNBASPREAD-25NOV05PHICLE-CLE16,2025-11-06T00:19:10.408526Z,0.5,1,no,998fc732-168d-71f2-5d0e-a7ee19c3f702
KXNBASPREAD-25NOV05PHICLE-CLE16,2025-11-06T00:18:22.484012Z,0.48,372,no,f5df53b8-5555-6eb2-0f2a-53f450775da9
KXNBASPREAD-25NOV05PHICLE-CLE16,2025-11-06T00:18:12.817655Z,0.48,46,no,80b3f9e0-ffdd-771a-64b8-1205535e0fdd
KXNBASPREAD-25NOV05PHICLE-CLE16,2025-11-06T00:16:30.784684Z,0.52,76,yes,92ae41bf-4453-6528-1769-e5044f5d096b
KXNBASPREAD-25NOV05PHICLE-CLE16,2025-11-06T00:15:07.864969Z,0.48,49,yes,2c4157f1-ecd6-5d3a-b47d-a6ec3046428b
KXNBASPREAD-25NOV05PHICLE-CLE16,2025-11-06T00:15:02.314492Z,0.49,18,yes,ad475457-72fc-6012-b357-649fc0292fd0
KXNBASPREAD-25NOV05PHICLE-CLE16,2025-11-06T00:14:35.74157Z,0.48,2,yes,f656312f-acd2-6dbf-1850-320575f33e0d
KXNBASPREAD-25NOV05PHICLE-CLE16,2025-11-06T00:03:15.728863Z,0.33,20,no,25f3870a-6fa8-5556-d368-ac59e05a2e1f
KXNBASPREAD-25NOV05PHICLE-CLE16,2025-11-05T22:01:10.665221Z,0.33,14,yes,88b5a30c-f072-715b-79ae-0902482bf8ee
KXNBASPREAD-25NOV05PHICLE-CLE16,2025-11-05T20:38:01.590122Z,0.29,2,no,d3259ff9-fb68-45d8-0fbc-b213895d52a6
KXNBASPREAD-25NOV05PHICLE-CLE16,2025-11-05T19:03:35.559064Z,0.29,61,no,b49ea606-6b3c-6b34-d48a-b1e5339a3aee
