ticker,created_time,price,count,taker_side,trade_id
KXNBATOTAL-25NOV05PHICLE-236,2025-11-06T02:37:19.545844Z,0.99,124,no,3b12e3ba-4668-79ad-41ac-830c58293b7f
KXNBATOTAL-25NOV05PHICLE-236,2025-11-06T02:30:20.153234Z,0.99,853,no,d185f7d5-a69c-71e5-8256-a38fa477e147
KXNBATOTAL-25NOV05PHICLE-236,2025-11-06T02:30:20.153234Z,0.99,933,no,96b57581-0b5b-7b72-9976-953e46fd9187
KXNBATOTAL-25NOV05PHICLE-236,2025-11-06T02:22:54.837452Z,0.99,67,no,ddb572ee-0b07-5dc2-89f4-bde2773e646b
KXNBATOTAL-25NOV05PHICLE-236,2025-11-06T02:15:43.530292Z,0.99,5000,yes,6ad3e601-6d29-64b0-d8d4-808c88fcd806
KXNBATOTAL-25NOV05PHICLE-236,2025-11-06T02:15:43.530292Z,0.99,227,yes,5d82c7c8-5e0b-6fad-e494-59250e23ebd5
KXNBATOTAL-25NOV05PHICLE-236,2025-11-06T02:11:52.765827Z,0.98,25,no,84b89c08-7f7d-6c49-f1ae-999503809e53
KXNBATOTAL-25NOV05PHICLE-236,2025-11-06T02:09:31.310733Z,0.99,43,yes,e8a25981-043c-5783-c319-3f5bfe437e47
KXNBATOTAL-25NOV05PHICLE-236,2025-11-06T02:09:31.310733Z,0.99,500,yes,67db9369-b34e-5f86-c25b-cdce11c2ac8d
KXNBATOTAL-25NOV05PHICLE-236,2025-11-06T02:03:03.916691Z,0.98,174,yes,158c5f32-adbb-743b-9be6-01521f62d00c
KXNBATOTAL-25NOV05PHICLE-236,2025-11-06T01:59:47.573299Z,0.94,117,yes,925d028b-6158-4e9a-2008-a9e2a9cda254
KXNBATOTAL-25NOV05PHICLE-236,2025-11-06T01:58:08.718402Z,0.79,10,yes,cb9aabfa-1677-41e5-f0a2-32eeeeb7dbac
KXNBATOTAL-25NOV05PHICLE-236,2025-11-06T01:58:08.718402Z,0.84,90,yes,909be402-6f21-4a62-e97e-382fdfabf3bd
KXNBATOTAL-25NOV05PHICLE-236,2025-11-06T01:55:45.234281Z,0.79,124,yes,0434da20-c3d7-46a9-1021-5f80b926c356
KXNBATOTAL-25NOV05PHICLE-236,2025-11-06T01:55:39.645633Z,0.69,30,no,1209a044-8189-5395-3f6a-b9137d96bb54
KXNBATOTAL-25NOV05PHICLE-236,2025-11-06T01:55:32.978521Z,0.69,50,no,34e0113b-e613-59d1-ce51-d8da061eb1b6
KXNBATOTAL-25NOV05PHICLE-236,2025-11-06T01:49:13.075945Z,0.81,25,yes,e3058812-7a1b-6a76-d79a-78fa4797c9e2
KXNBATOTAL-25NOV05PHICLE-236,2025-11-06T01:48:17.993837Z,0.69,30,no,4b50e31e-b425-747f-e783-e09826a81af3
KXNBATOTAL-25NOV05PHICLE-236,2025-11-06T01:47:03.359337Z,0.81,15,no,2045f2ff-96a5-4b0a-a033-f6d8a23d8223
KXNBATOTAL-25NOV05PHICLE-236,2025-11-06T01:46:46.45244Z,0.85,3,no,79bb9ffd-7282-4220-1dfc-e0d7bfda740c
KXNBATOTAL-25NOV05PHICLE-236,2025-11-06T01:44:24.555708Z,0.94,37,yes,e9cb3f51-d06c-505a-ba07-66bf95fea59c
KXNBATOTAL-25NOV05PHICLE-236,2025-11-06T01:44:10.981096Z,0.94,100,yes,2cffad73-72e8-5cce-0d9e-513ebf2e4580
KXNBATOTAL-25NOV05PHICLE-236,2025-11-06T01:44:01.949588Z,0.85,10,no,583bc146-3c46-5b40-9367-3620e23a134c
KXNBATOTAL-25NOV05PHICLE-236,2025-11-06T01:35:17.524845Z,0.85,100,no,42a12cf9-049e-40f0-3bf5-289a32d27e00
KXNBATOTAL-25NOV05PHICLE-236,2025-11-06T01:34:45.494495Z,0.86,100,no,98d905de-d75b-441e-6aed-d2d87cf82e27
KXNBATOTAL-25NOV05PHICLE-236,2025-11-06T01:21:46.353593Z,0.81,4,no,523c75bc-c9b8-681c-6bfa-b9c92ce2184d
KXNBATOTAL-25NOV05PHICLE-236,2025-11-06T01:17:05.624771Z,0.93,27,yes,563f1d72-be25-5512-b521-c43224554744
KXNBATOTAL-25NOV05PHICLE-236,2025-11-06T01:15:49.031238Z,0.93,440,yes,77c4d8b9-c4ba-66b5-4f2c-63c22baf2181
KXNBATOTAL-25NOV05PHICLE-236,2025-11-06T01:14:58.260857Z,0.94,46,yes,ab72a374-4fe8-6d72-7ef7-613ea5e881d8
KXNBATOTAL-25NOV05PHICLE-236,2025-11-06T01:14:19.835605Z,0.8,87,yes,4e02fcb4-8afb-59fc-a272-70340e7b5394
KXNBATOTAL-25NOV05PHICLE-236,2025-11-06T01:13:10.102773Z,0.8,3,yes,5438ec51-554b-4454-32ea-ad512336a3bc
KXNBATOTAL-25NOV05PHICLE-236,2025-11-06T01:07:19.754252Z,0.78,3,yes,b6ffc560-d451-43ad-395d-4c9b4e88cdd0
KXNBATOTAL-25NOV05PHICLE-236,2025-11-06T01:03:46.031426Z,0.8,12,yes,3ea6d787-4f13-620c-78e5-dcf579b220b0
KXNBATOTAL-25NOV05PHICLE-236,2025-11-06T01:00:32.524676Z,0.8,96,yes,30421725-5afb-669c-1e6d-9d36a0b22e4c
KXNBATOTAL-25NOV05PHICLE-236,2025-11-06T01:00:10.438906Z,0.8,2,yes,a2e3d0c0-e513-4898-4225-3e0118f87894
KXNBATOTAL-25NOV05PHICLE-236,2025-11-06T00:52:37.135933Z,0.79,477,yes,db9b7bb0-1623-580d-1c28-6227f5c7de05
KXNBATOTAL-25NOV05PHICLE-236,2025-11-06T00:47:30.491764Z,0.66,439,yes,2dd392ee-7b69-4697-0906-2cb0ff7ea197
KXNBATOTAL-25NOV05PHICLE-236,2025-11-06T00:46:07.815646Z,0.76,25,yes,5954f3c4-d05c-7e8b-53cb-9b3a7916e4ff
KXNBATOTAL-25NOV05PHICLE-236,2025-11-06T00:43:16.346839Z,0.57,33,no,f458ba24-85a8-45d0-722e-33a48a52da61
KXNBATOTAL-25NOV05PHICLE-236,2025-11-06T00:42:13.897917Z,0.53,63,no,fe030ff1-9e7a-4d4a-32c2-58fda3dc67f1
KXNBATOTAL-25NOV05PHICLE-236,2025-11-06T00:42:13.897917Z,0.52,99,no,d015bb3d-5640-44e7-2083-1d56729ac52b
KXNBATOTAL-25NOV05PHICLE-236,2025-11-06T00:40:30.786883Z,0.53,153,no,10650259-f81f-7c09-46b5-513f54f5d52e
KXNBATOTAL-25NOV05PHICLE-236,2025-11-06T00:39:38.352514Z,0.57,170,yes,b1d908a8-0e99-75c7-ca28-6ce0d6609c08
KXNBATOTAL-25NOV05PHICLE-236,2025-11-06T00:36:52.623156Z,0.52,1213,yes,b4b59d89-f2ce-631a-33c9-f1f19ed07c57
KXNBATOTAL-25NOV05PHICLE-236,2025-11-06T00:36:37.951337Z,0.52,2158,yes,e65a867c-9a82-651a-5214-29b7a9b65223
KXNBATOTAL-25NOV05PHICLE-236,2025-11-06T00:36:29.07294Z,0.52,3162,yes,3d7fba39-289a-44e2-69a4-eb14cada862f
KXNBATOTAL-25NOV05PHICLE-236,2025-11-06T00:36:22.636562Z,0.52,1000,yes,d9861bb7-afda-5a6e-a38a-5701df5629c3
KXNBATOTAL-25NOV05PHICLE-236,2025-11-06T00:36:15.500388Z,0.52,837,yes,e88ee836-1cb2-7f82-8fdc-e173aa59e21b
KXNBATOTAL-25NOV05PHICLE-236,2025-11-06T00:36:08.891743Z,0.52,2158,yes,22750a02-92da-7b42-be2c-a051c890e45b
KXNBATOTAL-25NOV05PHICLE-236,2025-11-06T00:35:52.57765Z,0.52,1000,yes,aa4894ae-60de-5072-9bcd-42200b2e1ed3
KXNBATOTAL-25NOV05PHICLE-236,2025-11-06T00:35:28.857325Z,0.52,100,yes,f364c290-c5f2-685a-958c-2b107682e967
KXNBATOTAL-25NOV05PHICLE-236,2025-11-06T00:35:26.955612Z,0.5,193,no,58c65725-234d-60b5-1f6e-55eaa944a90b
KXNBATOTAL-25NOV05PHICLE-236,2025-11-06T00:33:31.793127Z,0.47,182,no,740462f3-e4ba-73e1-8bd1-df35f4e67fed
KXNBATOTAL-25NOV05PHICLE-236,2025-11-06T00:32:32.942406Z,0.47,12,no,6c6b27e6-8ea6-4224-bb8c-eebeb0e47047
KXNBATOTAL-25NOV05PHICLE-236,2025-11-06T00:31:14.274454Z,0.52,26,yes,2d2e90b4-37fe-4b86-f00d-6719af7247d7
KXNBATOTAL-25NOV05PHICLE-236,2025-11-06T00:30:20.372036Z,0.52,1000,yes,9377e5b9-8ce6-63b6-17d1-294c988f13fb
KXNBATOTAL-25NOV05PHICLE-236,2025-11-06T00:30:12.313132Z,0.52,928,yes,ba0b0ab6-9f86-52aa-338e-e442bebddcdb
KXNBATOTAL-25NOV05PHICLE-236,2025-11-06T00:30:05.728875Z,0.52,1000,yes,c8b15885-d4b2-4d66-6d36-9712a52b1fa7
KXNBATOTAL-25NOV05PHICLE-236,2025-11-06T00:29:55.704119Z,0.52,1000,yes,f5b2b289-2ad2-7a0a-f5af-4d32e54f5c0f
KXNBATOTAL-25NOV05PHICLE-236,2025-11-06T00:29:25.708284Z,0.52,1000,yes,06e69846-0902-7a8a-696c-6605bba8653b
KXNBATOTAL-25NOV05PHICLE-236,2025-11-06T00:28:55.71225Z,0.52,500,yes,c5410701-37ca-43b2-2965-38c4d9a34877
KXNBATOTAL-25NOV05PHICLE-236,2025-11-06T00:28:25.714754Z,0.52,500,yes,cdd2f84c-ba2e-799e-6a5f-439a74b3a99f
KXNBATOTAL-25NOV05PHICLE-236,2025-11-06T00:25:15.243827Z,0.52,100,yes,51685097-e0a6-6882-8995-e67773d80abb
KXNBATOTAL-25NOV05PHICLE-236,2025-11-06T00:25:08.491627Z,0.52,132,yes,e69a064f-d472-75fa-5e78-104035b46d9f
KXNBATOTAL-25NOV05PHICLE-236,2025-11-06T00:25:08.3516Z,0.51,49,no,c79e1c0c-5cf9-4ae3-743b-2477e84e6776
KXNBATOTAL-25NOV05PHICLE-236,2025-11-06T00:24:25.855624Z,0.49,189,no,1d36193d-3cee-5f65-8b63-f6daf94a14aa
KXNBATOTAL-25NOV05PHICLE-236,2025-11-06T00:24:25.07163Z,0.49,47,no,60ea9bad-eb5a-715d-6cc7-eaf06af619fa
KXNBATOTAL-25NOV05PHICLE-236,2025-11-06T00:22:44.964055Z,0.52,186,yes,d43363a9-32e6-475e-710e-6bcfd8a1b87f
KXNBATOTAL-25NOV05PHICLE-236,2025-11-06T00:22:27.726568Z,0.49,47,no,29998498-010e-6669-e26d-a7e639c3437e
KXNBATOTAL-25NOV05PHICLE-236,2025-11-06T00:17:12.170105Z,0.46,35,no,e9dd65cc-10a2-6d69-11b1-cdb3da76e3fb
KXNBATOTAL-25NOV05PHICLE-236,2025-11-06T00:16:28.531103Z,0.48,7,no,6d83dcb4-f8bb-517e-faed-00bd604758ea
KXNBATOTAL-25NOV05PHICLE-236,2025-11-06T00:16:23.33849Z,0.48,25,no,fac7f35f-c85f-7482-7c3e-fe6e6f0bc436
KXNBATOTAL-25NOV05PHICLE-236,2025-11-06T00:11:52.311224Z,0.5,46,yes,38533b99-2bec-4957-4919-995707ef78bc
KXNBATOTAL-25NOV05PHICLE-236,2025-11-06T00:10:56.458995Z,0.51,9,yes,55e3d555-13fa-4b09-b7d6-3dd7a6363e78
KXNBATOTAL-25NOV05PHICLE-236,2025-11-06T00:09:34.640867Z,0.45,440,no,afa22ee6-faa3-742a-4662-a4dba83c2709
KXNBATOTAL-25NOV05PHICLE-236,2025-11-06T00:08:08.985396Z,0.45,8,no,77f1dcc2-512b-6986-5a95-e4c8474b7339
KXNBATOTAL-25NOV05PHICLE-236,2025-11-06T00:07:42.705831Z,0.45,881,no,a8aedae7-73e3-658e-309e-6f50f30ed8e5
KXNBATOTAL-25NOV05PHICLE-236,2025-11-06T00:06:35.424353Z,0.47,10,yes,b659e467-bf69-6195-99d6-a55825b5db59
KXNBATOTAL-25NOV05PHICLE-236,2025-11-06T00:05:13.501657Z,0.47,5000,yes,f41a75b4-24e5-4da9-231a-a26937996cbd
KXNBATOTAL-25NOV05PHICLE-236,2025-11-06T00:04:44.708362Z,0.45,33,no,54f5a81c-1c8b-6fde-57a3-d722d5e2c499
KXNBATOTAL-25NOV05PHICLE-236,2025-11-06T00:03:06.436772Z,0.45,86,no,bcac2896-1f5f-6876-fe5c-df6c3e05f291
KXNBATOTAL-25NOV05PHICLE-236,2025-11-06T00:01:14.676104Z,0.45,8,no,6b360c75-cf3f-5702-c20a-ec263f44d395
KXNBATOTAL-25NOV05PHICLE-236,2025-11-06T00:00:54.541929Z,0.45,528,no,6986305f-899b-5396-a861-371f7cc88841
KXNBATOTAL-25NOV05PHICLE-236,2025-11-06T00:00:12.805832Z,0.47,1025,yes,862b316d-b031-5239-9bc3-872827e4b2d5
KXNBATOTAL-25NOV05PHICLE-236,2025-11-05T23:59:17.351503Z,0.45,8,no,c9b690dd-8fc6-5614-b59e-f33e2dcb8e89
KXNBATOTAL-25NOV05PHICLE-236,2025-11-05T23:58:08.165916Z,0.46,6527,no,ed387cd2-523f-70b5-98b8-4c36625b9bf6
KXNBATOTAL-25NOV05PHICLE-236,2025-11-05T23:56:48.157626Z,0.46,17,no,9ab2d057-cca7-5c81-1379-50bd80b26bb6
KXNBATOTAL-25NOV05PHICLE-236,2025-11-05T23:56:38.537878Z,0.46,273,no,2f21410f-4a8b-68c9-f0fa-8227b946b14a
KXNBATOTAL-25NOV05PHICLE-236,2025-11-05T23:54:21.247549Z,0.45,3,no,669447e2-7122-50a8-0c0b-c560c7ed35bd
KXNBATOTAL-25NOV05PHICLE-236,2025-11-05T23:51:05.396127Z,0.47,196,yes,40d6165c-3eaf-5647-2487-91f4a5de487f
KXNBATOTAL-25NOV05PHICLE-236,2025-11-05T23:50:14.91306Z,0.47,57,yes,0a4668d9-1ba3-71f3-0e4a-820e287ad15b
KXNBATOTAL-25NOV05PHICLE-236,2025-11-05T23:45:38.138349Z,0.45,1,no,1b8c497b-7c82-5a5c-cee8-f48458d1b9bd
KXNBATOTAL-25NOV05PHICLE-236,2025-11-05T23:38:22.016642Z,0.47,4,yes,0bf6180f-78d7-746b-ed2e-2a5cc3d584ff
KXNBATOTAL-25NOV05PHICLE-236,2025-11-05T23:37:30.264678Z,0.46,179,no,10f5749d-fe17-6109-f29a-44b98bd8be51
KXNBATOTAL-25NOV05PHICLE-236,2025-11-05T23:31:39.966215Z,0.46,163,no,c742a4a1-f17d-7a6c-ea65-259f81bde091
KXNBATOTAL-25NOV05PHICLE-236,2025-11-05T23:28:33.558022Z,0.49,53,no,bf6b0847-907f-5697-9bdf-4a726726cd1e
KXNBATOTAL-25NOV05PHICLE-236,2025-11-05T23:28:33.558022Z,0.49,100,no,0aaadb0c-b89c-5f4c-ac99-a0f8bde0fcc4
KXNBATOTAL-25NOV05PHICLE-236,2025-11-05T23:28:33.558022Z,0.49,23,no,08fab8d3-993b-5971-9046-e42fd412d98e
KXNBATOTAL-25NOV05PHICLE-236,2025-11-05T23:28:33.558022Z,0.49,38,no,0694251a-8c43-5a60-9d64-b55be38d69a0
KXNBATOTAL-25NOV05PHICLE-236,2025-11-05T23:24:07.569177Z,0.51,9,yes,28f0c26b-3b82-5d3b-a63a-d2e145da030d
KXNBATOTAL-25NOV05PHICLE-236,2025-11-05T23:03:55.514977Z,0.51,47,yes,d750f95d-1faa-538f-e739-53bf98f7dd85
KXNBATOTAL-25NOV05PHICLE-236,2025-11-05T23:02:34.894238Z,0.5,48,no,82ed46e2-2ef9-6fbf-656e-f8b3e51460fe
KXNBATOTAL-25NOV05PHICLE-236,2025-11-05T23:02:30.952453Z,0.51,94,yes,e158dce7-7562-4de7-f7f8-94005a2066e1
KXNBATOTAL-25NOV05PHICLE-236,2025-11-05T23:02:01.594579Z,0.51,204,no,72ad6cb9-b5aa-498d-a9f7-4326bac57824
KXNBATOTAL-25NOV05PHICLE-236,2025-11-05T22:57:16.496566Z,0.51,39,no,42b6044f-95ed-7c96-68ec-bfe8e853249e
KXNBATOTAL-25NOV05PHICLE-236,2025-11-05T22:48:42.433337Z,0.51,5,no,9fd84d45-47e1-78d6-5a56-3aff724aea7a
KXNBATOTAL-25NOV05PHICLE-236,2025-11-05T22:45:46.424516Z,0.52,140,yes,14b6a7dc-4c92-4009-760f-49a1e70e0915
KXNBATOTAL-25NOV05PHICLE-236,2025-11-05T22:44:18.967681Z,0.52,41,yes,8d04a640-c3fe-48d1-6375-e12144e2f879
KXNBATOTAL-25NOV05PHICLE-236,2025-11-05T22:44:18.967681Z,0.52,45,yes,3eccc027-6411-4831-72e8-dcebff6de55d
KXNBATOTAL-25NOV05PHICLE-236,2025-11-05T22:41:10.510575Z,0.51,40,no,43bedeb9-75f1-4e22-e5ce-52396217710a
KXNBATOTAL-25NOV05PHICLE-236,2025-11-05T22:34:47.059033Z,0.51,289,no,7e9db156-b484-6db5-5c82-4a700482bc98
KXNBATOTAL-25NOV05PHICLE-236,2025-11-05T22:29:55.842937Z,0.52,9,yes,7094a327-69cd-7139-3123-4a8a8904ca55
KXNBATOTAL-25NOV05PHICLE-236,2025-11-05T22:25:33.583213Z,0.52,46,yes,51595de0-9e05-6ad9-6c09-d417a615a88d
KXNBATOTAL-25NOV05PHICLE-236,2025-11-05T22:24:33.34591Z,0.5,1952,yes,5cf50e60-4494-4fcd-c19c-c3eba177d713
KXNBATOTAL-25NOV05PHICLE-236,2025-11-05T22:07:13.24665Z,0.5,48,yes,caf9d641-b2cc-6f99-24f5-1ef6bf73cab7
KXNBATOTAL-25NOV05PHICLE-236,2025-11-05T22:06:26.95491Z,0.47,274,no,60914d02-9bd6-60c9-1759-4b89ace6dafb
KXNBATOTAL-25NOV05PHICLE-236,2025-11-05T22:04:37.445519Z,0.46,17,no,9e73849c-10a4-6473-38d7-f25250296305
KXNBATOTAL-25NOV05PHICLE-236,2025-11-05T22:04:07.695403Z,0.5,78,yes,fdd15785-5c4e-5d7a-0d85-3d3150d9908f
KXNBATOTAL-25NOV05PHICLE-236,2025-11-05T22:01:35.391928Z,0.46,439,no,8d460805-96f0-7087-fc47-5a2096158e25
KXNBATOTAL-25NOV05PHICLE-236,2025-11-05T21:42:47.078753Z,0.47,10,no,cc37b018-f333-600e-a917-b98d18b97c0b
KXNBATOTAL-25NOV05PHICLE-236,2025-11-05T21:42:47.078753Z,0.46,169,no,a5265b15-25f4-6a87-82dd-101cd6e21479
KXNBATOTAL-25NOV05PHICLE-236,2025-11-05T21:25:58.081328Z,0.5,38,yes,46d57cde-476a-5e4b-585f-9a47d2fea052
KXNBATOTAL-25NOV05PHICLE-236,2025-11-05T21:18:59.864371Z,0.48,93,no,751da0a9-74e0-787d-dfa7-194d6453a7dd
KXNBATOTAL-25NOV05PHICLE-236,2025-11-05T20:59:27.611647Z,0.5,101,yes,7bcb3b9a-48ce-6cea-ebd0-8d7708c7975b
KXNBATOTAL-25NOV05PHICLE-236,2025-11-05T20:48:28.134366Z,0.48,1,no,45886319-5e74-5cf5-9998-52ea408e11e9
KXNBATOTAL-25NOV05PHICLE-236,2025-11-05T20:47:19.359196Z,0.5,23,yes,139f1704-303e-73ae-37ec-b6583a906a1f
KXNBATOTAL-25NOV05PHICLE-236,2025-11-05T20:47:19.359196Z,0.5,1763,yes,0d47385f-1a70-7444-26aa-643bd9119491
KXNBATOTAL-25NOV05PHICLE-236,2025-11-05T20:37:54.684143Z,0.5,68,yes,4cbdf4d3-533c-67c0-b6a2-4b2f18872bc9
KXNBATOTAL-25NOV05PHICLE-236,2025-11-05T20:27:22.209071Z,0.5,1739,yes,e3e28777-0668-549c-f246-e6a59789365d
KXNBATOTAL-25NOV05PHICLE-236,2025-11-05T20:23:31.978134Z,0.48,46,no,b1a4f02a-c700-54f5-c097-86bb21b77851
KXNBATOTAL-25NOV05PHICLE-236,2025-11-05T20:22:11.125237Z,0.5,7,yes,5646dd49-21de-7fee-458e-0b21b4607597
KXNBATOTAL-25NOV05PHICLE-236,2025-11-05T20:22:11.125237Z,0.48,53,yes,34d4d5e8-e1a3-72ed-5475-f3e85e846949
KXNBATOTAL-25NOV05PHICLE-236,2025-11-05T20:07:17.616575Z,0.47,182,no,e4801c74-8b16-6ccc-de6e-dfafcab6eff8
KXNBATOTAL-25NOV05PHICLE-236,2025-11-05T19:40:29.660577Z,0.46,8,no,84e23ce2-7fd8-765b-79d1-16827806ef3d
KXNBATOTAL-25NOV05PHICLE-236,2025-11-05T19:36:30.297386Z,0.48,10,yes,7d64396c-bf6b-4651-efca-c423da8c6855
KXNBATOTAL-25NOV05PHICLE-236,2025-11-05T19:21:58.471392Z,0.47,91,no,e6347a54-5bd1-7527-3c01-de7cc5265cf6
KXNBATOTAL-25NOV05PHICLE-236,2025-11-05T19:18:32.588416Z,0.47,36,no,9adea246-8575-73a3-6855-bbaac05ac536
KXNBATOTAL-25NOV05PHICLE-236,2025-11-05T19:08:53.003295Z,0.46,491,yes,a070c22a-e364-7f6a-4029-5329694a0e13
KXNBATOTAL-25NOV05PHICLE-236,2025-11-05T18:49:15.493793Z,0.45,100,no,efd14b0a-e5be-61a6-8307-09f8c7ab5ec9
KXNBATOTAL-25NOV05PHICLE-236,2025-11-05T18:37:38.062701Z,0.46,104,yes,9a4cc1fb-16a8-425a-eab0-7af5fcecde17
KXNBATOTAL-25NOV05PHICLE-236,2025-11-05T18:12:53.862774Z,0.46,20,yes,56eb7ee9-8144-4806-e79d-779a3de46d77
KXNBATOTAL-25NOV05PHICLE-236,2025-11-05T17:43:21.337367Z,0.46,104,yes,f2755818-f0a8-7d8e-ebae-4af6338e5027
KXNBATOTAL-25NOV05PHICLE-236,2025-11-05T17:23:50.727462Z,0.45,70,no,2c5a3146-a661-59b4-432a-682e29bb2294
KXNBATOTAL-25NOV05PHICLE-236,2025-11-05T17:19:31.787667Z,0.45,8,no,9dca1326-bc0d-7cf0-efd2-52fdaf5404fc
KXNBATOTAL-25NOV05PHICLE-236,2025-11-05T17:04:49.095037Z,0.45,132,no,a230c46c-fa65-6408-1fce-8c2ff4a82cac
KXNBATOTAL-25NOV05PHICLE-236,2025-11-05T16:31:48.51374Z,0.45,8,no,2a1f393e-206e-5705-c137-95870811532b
KXNBATOTAL-25NOV05PHICLE-236,2025-11-05T15:43:47.807389Z,0.45,8,no,a359a3e2-7ffa-7801-7751-71e5d7d197af
KXNBATOTAL-25NOV05PHICLE-236,2025-11-05T15:40:26.334732Z,0.46,6,yes,d64c3d4f-9ea0-78ce-d86c-78bae894cacb
KXNBATOTAL-25NOV05PHICLE-236,2025-11-05T14:02:13.568289Z,0.44,174,no,e408e5f3-dc93-78a2-a39c-6b541f55bfe5
KXNBATOTAL-25NOV05PHICLE-236,2025-11-05T13:27:47.975359Z,0.44,200,no,cafb0690-df09-5d4d-fdb2-f5b80a28808e
KXNBATOTAL-25NOV05PHICLE-236,2025-11-05T12:45:30.249479Z,0.44,34,no,c7dbcc81-dfda-5dc8-3ef5-f1eb07d0a756
KXNBATOTAL-25NOV05PHICLE-236,2025-11-05T11:00:55.727978Z,0.44,17,no,d3e59e24-fb10-5837-4c9a-8d114ea4a3e4
