ticker,created_time,price,count,taker_side,trade_id
KXNBASPREAD-25NOV05PHICLE-CLE10,2025-11-06T02:39:00.074144Z,0.99,94,no,1d58740a-499a-5a16-50ec-5e245da8a5a6
KXNBASPREAD-25NOV05PHICLE-CLE10,2025-11-06T02:37:25.974504Z,0.99,170,no,982aaf22-9f3e-6cfa-aeb4-3fb5476f7bca
KXNBASPREAD-25NOV05PHICLE-CLE10,2025-11-06T02:37:08.022283Z,0.99,1,no,4416f398-7bba-5e8a-d986-e03d6ce9c61a
KXNBASPREAD-25NOV05PHICLE-CLE10,2025-11-06T02:36:55.079777Z,0.99,348,no,2935f7d8-194a-565a-7ce0-b6a793360e52
KXNBASPREAD-25NOV05PHICLE-CLE10,2025-11-06T02:36:35.447679Z,0.99,82,no,efe4cf9d-dad2-508e-417b-8b07427740a2
KXNBASPREAD-25NOV05PHICLE-CLE10,2025-11-06T02:35:55.156121Z,0.99,50,no,f0a49972-532a-781a-1e24-c465497939a2
KXNBASPREAD-25NOV05PHICLE-CLE10,2025-11-06T02:35:42.694085Z,0.99,100,no,8a500ecc-f586-6d2e-0a97-6d8bef466d72
KXNBASPREAD-25NOV05PHICLE-CLE10,2025-11-06T02:35:03.086428Z,0.99,89,yes,5b6697a9-a87e-7b2b-0ed2-7a2de3978d05
KXNBASPREAD-25NOV05PHICLE-CLE10,2025-11-06T02:34:22.939031Z,0.99,411,yes,ced25fad-2552-4257-4d9f-5c9b4b0a04d1
KXNBASPREAD-25NOV05PHICLE-CLE10,2025-11-06T02:34:22.939031Z,0.98,400,yes,49d51e7b-a5fd-4cef-6f1d-11a13395faa7
KXNBASPREAD-25NOV05PHICLE-CLE10,2025-11-06T02:19:41.413483Z,0.91,100,no,94b0a26e-a78f-4140-f29c-542ddc4bf710
KXNBASPREAD-25NOV05PHICLE-CLE10,2025-11-06T02:17:10.289662Z,0.94,26,no,5ad78ec8-8d3e-6396-7d35-cdc108804ded
KXNBASPREAD-25NOV05PHICLE-CLE10,2025-11-06T02:16:58.554624Z,0.94,170,no,0ee05b44-e49e-5712-5be3-7276db4f446d
KXNBASPREAD-25NOV05PHICLE-CLE10,2025-11-06T02:16:48.796433Z,0.94,78,no,a195df0f-bb9e-66d2-e344-b545c2b7bdf5
KXNBASPREAD-25NOV05PHICLE-CLE10,2025-11-06T02:15:38.267778Z,0.94,58,no,9722ac03-950e-66fe-d03b-c1c653d3b8a5
KXNBASPREAD-25NOV05PHICLE-CLE10,2025-11-06T02:15:31.461596Z,0.94,43,no,4d643727-3fca-603e-84b1-4391306dd131
KXNBASPREAD-25NOV05PHICLE-CLE10,2025-11-06T02:14:59.435962Z,0.94,95,no,81bc0b94-24f6-49da-5dc8-f93c811fe4f1
KXNBASPREAD-25NOV05PHICLE-CLE10,2025-11-06T02:11:53.263218Z,0.94,50,no,1f73588d-e64e-588a-5111-608954de8969
KXNBASPREAD-25NOV05PHICLE-CLE10,2025-11-06T02:11:01.679761Z,0.94,83,yes,d535a9b7-2665-7f2e-e828-95f2eba88373
KXNBASPREAD-25NOV05PHICLE-CLE10,2025-11-06T02:10:11.538268Z,0.94,4,yes,eae881b1-d2f1-4d8a-1dcb-de910442ed7f
KXNBASPREAD-25NOV05PHICLE-CLE10,2025-11-06T02:09:29.809003Z,0.94,89,yes,f5370e96-60f1-756e-21ba-2ceb01e6cb5f
KXNBASPREAD-25NOV05PHICLE-CLE10,2025-11-06T02:07:52.838512Z,0.94,31,yes,bc1a31a7-12c1-75e6-ee3a-caeaef6c2b43
KXNBASPREAD-25NOV05PHICLE-CLE10,2025-11-06T02:06:30.723779Z,0.92,286,yes,b0804e23-35aa-6e9c-fa2d-3113182ae9af
KXNBASPREAD-25NOV05PHICLE-CLE10,2025-11-06T02:06:30.723779Z,0.94,93,yes,933ec809-b351-6476-e410-edad4663b4e3
KXNBASPREAD-25NOV05PHICLE-CLE10,2025-11-06T02:06:09.396965Z,0.92,14,yes,fc0e1c55-f6be-5950-11e4-7f8f16ac69c3
KXNBASPREAD-25NOV05PHICLE-CLE10,2025-11-06T02:04:56.948627Z,0.89,2,yes,a1d9e4d3-792d-4721-b75d-199852f67456
KXNBASPREAD-25NOV05PHICLE-CLE10,2025-11-06T02:04:54.28905Z,0.89,140,yes,396df49a-4f0d-72cd-03b5-f20c912b3c56
KXNBASPREAD-25NOV05PHICLE-CLE10,2025-11-06T02:03:51.800256Z,0.89,46,yes,9a797f9d-1131-55e9-08b2-460389398836
KXNBASPREAD-25NOV05PHICLE-CLE10,2025-11-06T01:59:38.193239Z,0.84,200,yes,97f70d8e-0498-5df6-4df4-bf1c00048c77
KXNBASPREAD-25NOV05PHICLE-CLE10,2025-11-06T01:59:38.193239Z,0.89,12,yes,6c925166-7495-50a5-42aa-43b0c5d80792
KXNBASPREAD-25NOV05PHICLE-CLE10,2025-11-06T01:57:19.41157Z,0.76,200,yes,0c67b0b1-7a49-6281-4be7-c3944ebe57e2
KXNBASPREAD-25NOV05PHICLE-CLE10,2025-11-06T01:55:14.711632Z,0.75,109,yes,dd9cd249-25d7-6ed7-e99e-7ba79df26ced
KXNBASPREAD-25NOV05PHICLE-CLE10,2025-11-06T01:55:14.711632Z,0.73,15,yes,1cc60ace-bb18-6370-c77b-6a9dd6f62e4a
KXNBASPREAD-25NOV05PHICLE-CLE10,2025-11-06T01:53:17.002155Z,0.71,967,yes,bbf2d62a-da10-68cc-acb4-8a59814bf0fd
KXNBASPREAD-25NOV05PHICLE-CLE10,2025-11-06T01:51:09.977975Z,0.61,500,yes,e9158621-8c99-4b76-0a9f-2201def3a134
KXNBASPREAD-25NOV05PHICLE-CLE10,2025-11-06T01:51:09.977975Z,0.65,500,yes,5a02238e-b19b-4bcd-0d3d-d3004bfdf4f8
KXNBASPREAD-25NOV05PHICLE-CLE10,2025-11-06T01:51:05.361568Z,0.6,47,no,9e593028-9a42-7446-3152-0ed681c1adc9
KXNBASPREAD-25NOV05PHICLE-CLE10,2025-11-06T01:51:04.071524Z,0.58,500,yes,c5967653-3d67-4114-063f-cca42b5f4601
KXNBASPREAD-25NOV05PHICLE-CLE10,2025-11-06T01:50:34.482953Z,0.49,94,no,393971bf-f1fe-7ce6-daeb-e80a8dc13279
KXNBASPREAD-25NOV05PHICLE-CLE10,2025-11-06T01:50:32.555593Z,0.49,56,no,840cc03b-1a9a-422a-c50d-be8db361eb05
KXNBASPREAD-25NOV05PHICLE-CLE10,2025-11-06T01:50:00.142924Z,0.52,493,no,51da7ba9-b08d-6748-c345-5e280d1e9d34
KXNBASPREAD-25NOV05PHICLE-CLE10,2025-11-06T01:49:11.86979Z,0.52,90,no,4b710649-0723-4187-cb01-d39528d196e8
KXNBASPREAD-25NOV05PHICLE-CLE10,2025-11-06T01:48:18.605482Z,0.55,95,yes,fd820921-13f7-5b47-22c0-c26c60a07561
KXNBASPREAD-25NOV05PHICLE-CLE10,2025-11-06T01:46:29.966525Z,0.64,201,no,cf0bf1d6-8894-6e34-ed87-0890bbc5280a
KXNBASPREAD-25NOV05PHICLE-CLE10,2025-11-06T01:44:17.113548Z,0.7,120,yes,a17abbed-586c-4070-603b-b8584d118331
KXNBASPREAD-25NOV05PHICLE-CLE10,2025-11-06T01:42:54.374868Z,0.58,967,no,3c46efae-6cfe-6b72-a72f-a838d7e4ecd5
KXNBASPREAD-25NOV05PHICLE-CLE10,2025-11-06T01:42:20.375597Z,0.58,170,no,24588b7a-8dae-44d2-4c3f-f193b889bfed
KXNBASPREAD-25NOV05PHICLE-CLE10,2025-11-06T01:42:11.115247Z,0.57,500,yes,5d9232c9-9f86-45cf-356d-fa35e64d1788
KXNBASPREAD-25NOV05PHICLE-CLE10,2025-11-06T01:42:09.398241Z,0.55,19,no,01f7da66-87ae-7076-1bf1-a2d1c12fd3cd
KXNBASPREAD-25NOV05PHICLE-CLE10,2025-11-06T01:41:27.638987Z,0.53,10,no,babc727a-fd70-5b08-823f-cb19fd176206
KXNBASPREAD-25NOV05PHICLE-CLE10,2025-11-06T01:41:26.858138Z,0.53,205,no,88a63745-eb44-4c08-f412-aa1c81e5600e
KXNBASPREAD-25NOV05PHICLE-CLE10,2025-11-06T01:40:27.87051Z,0.59,20,yes,3efb92d2-fcac-4ca0-9276-427df1caa939
KXNBASPREAD-25NOV05PHICLE-CLE10,2025-11-06T01:39:02.152856Z,0.59,1150,yes,6d9a4764-0a88-60b4-491c-e3be49233765
KXNBASPREAD-25NOV05PHICLE-CLE10,2025-11-06T01:38:36.99677Z,0.51,500,yes,8540c21e-9ce1-49ac-0052-29a13f35cc73
KXNBASPREAD-25NOV05PHICLE-CLE10,2025-11-06T01:38:34.440213Z,0.5,500,yes,32476ac4-c13e-4d16-0088-4844ef3619e2
KXNBASPREAD-25NOV05PHICLE-CLE10,2025-11-06T01:38:30.986349Z,0.46,448,no,a2c6eb8a-14be-560e-84cf-e96e43864be9
KXNBASPREAD-25NOV05PHICLE-CLE10,2025-11-06T01:38:21.935252Z,0.46,89,no,b84b0910-fbee-5e0e-e1c0-c2773d228159
KXNBASPREAD-25NOV05PHICLE-CLE10,2025-11-06T01:37:27.575052Z,0.38,16,no,9ecce04f-1f76-7666-887a-eb72c4294345
KXNBASPREAD-25NOV05PHICLE-CLE10,2025-11-06T01:35:43.60587Z,0.43,483,no,6ecee93d-078f-4c8f-5cf4-bc2c43a82c5c
KXNBASPREAD-25NOV05PHICLE-CLE10,2025-11-06T01:35:30.266292Z,0.52,93,yes,3924abcd-7c08-4dac-cac1-8269075b779d
KXNBASPREAD-25NOV05PHICLE-CLE10,2025-11-06T01:35:19.630565Z,0.52,22,yes,0e5facea-10ac-7854-97e5-1442af8faecd
KXNBASPREAD-25NOV05PHICLE-CLE10,2025-11-06T01:35:10.288739Z,0.52,100,no,b4c3fb53-eeaf-5a26-2653-63239c2848e2
KXNBASPREAD-25NOV05PHICLE-CLE10,2025-11-06T01:34:47.997545Z,0.57,170,yes,b36717e6-65e1-4227-9380-1a2aac07da81
KXNBASPREAD-25NOV05PHICLE-CLE10,2025-11-06T01:33:37.964026Z,0.48,682,yes,29c7b9f7-5eb5-4088-2017-06ab6092b1bd
KXNBASPREAD-25NOV05PHICLE-CLE10,2025-11-06T01:33:20.007028Z,0.44,330,no,68da7990-bf62-410c-b824-f8b6013749cf
KXNBASPREAD-25NOV05PHICLE-CLE10,2025-11-06T01:33:20.007028Z,0.43,527,no,614fb142-4d66-4156-860b-7434e3c9ea0d
KXNBASPREAD-25NOV05PHICLE-CLE10,2025-11-06T01:33:19.170606Z,0.44,170,no,9ed93a4e-7a4a-4b50-30d4-6af9b5d319d7
KXNBASPREAD-25NOV05PHICLE-CLE10,2025-11-06T01:32:56.281675Z,0.46,140,yes,f3716461-3c99-7286-940d-3fb63a300973
KXNBASPREAD-25NOV05PHICLE-CLE10,2025-11-06T01:32:56.281675Z,0.48,267,yes,b838a6d0-a621-792c-b906-d65f08175c55
KXNBASPREAD-25NOV05PHICLE-CLE10,2025-11-06T01:31:57.509567Z,0.46,41,yes,0cafba98-332b-5f89-667b-b222863507c1
KXNBASPREAD-25NOV05PHICLE-CLE10,2025-11-06T01:31:23.002459Z,0.47,43,yes,ababafb5-6eb4-5613-85c1-7563c452414f
KXNBASPREAD-25NOV05PHICLE-CLE10,2025-11-06T01:31:02.280216Z,0.44,2,no,e6bc4116-54c7-5269-d5a5-0cd375a09253
KXNBASPREAD-25NOV05PHICLE-CLE10,2025-11-06T01:28:49.346376Z,0.47,51,yes,12640b97-9919-7370-2f42-8bf0f59c4bb1
KXNBASPREAD-25NOV05PHICLE-CLE10,2025-11-06T01:28:28.330628Z,0.43,120,no,10221f6c-f5ce-70f6-fe12-6cd511844121
KXNBASPREAD-25NOV05PHICLE-CLE10,2025-11-06T01:26:10.002432Z,0.47,102,yes,416c3434-eaa7-5f18-bef4-e3ebea5a3171
KXNBASPREAD-25NOV05PHICLE-CLE10,2025-11-06T01:26:06.927225Z,0.43,169,no,0dd079cb-6782-6b5a-04f5-fd3a0054877d
KXNBASPREAD-25NOV05PHICLE-CLE10,2025-11-06T01:26:06.927225Z,0.44,981,no,0b790c1a-5b80-664e-2cf0-eba84a7a496e
KXNBASPREAD-25NOV05PHICLE-CLE10,2025-11-06T01:26:02.043601Z,0.44,19,no,9f3c8708-8c04-6bbe-68ab-0ba321cf971a
KXNBASPREAD-25NOV05PHICLE-CLE10,2025-11-06T01:25:03.299078Z,0.48,5,yes,20656ed8-f526-537e-10b5-e70510c5b31a
KXNBASPREAD-25NOV05PHICLE-CLE10,2025-11-06T01:24:24.012079Z,0.45,5,no,bc572abd-1c7e-7756-ae53-7c91a1c0abe5
KXNBASPREAD-25NOV05PHICLE-CLE10,2025-11-06T01:23:39.088763Z,0.45,10,no,492cd242-5366-5b7a-c87c-3ce4f8676525
KXNBASPREAD-25NOV05PHICLE-CLE10,2025-11-06T01:23:37.046453Z,0.49,131,yes,fb2f453a-8434-6a4e-2ea0-adc569b9ca23
KXNBASPREAD-25NOV05PHICLE-CLE10,2025-11-06T01:23:37.046453Z,0.48,10,yes,725f1c07-3e71-65fb-3fab-8b11bc5e5349
KXNBASPREAD-25NOV05PHICLE-CLE10,2025-11-06T01:23:37.046453Z,0.48,200,yes,18a6d635-a607-637b-2716-3d2415f9d11d
KXNBASPREAD-25NOV05PHICLE-CLE10,2025-11-06T01:23:37.046453Z,0.48,10,yes,0cce7709-3a55-6972-2e6d-9c8f61ed608b
KXNBASPREAD-25NOV05PHICLE-CLE10,2025-11-06T01:23:30.233768Z,0.45,332,no,f1820223-9d3e-622e-939e-53573c0ab169
KXNBASPREAD-25NOV05PHICLE-CLE10,2025-11-06T01:23:30.233768Z,0.45,10,no,cafa7001-740d-60f6-8d90-4bb17a54a448
KXNBASPREAD-25NOV05PHICLE-CLE10,2025-11-06T01:23:30.233768Z,0.45,10,no,02a8e745-f8db-6178-b227-3d1a05611b0a
KXNBASPREAD-25NOV05PHICLE-CLE10,2025-11-06T01:23:11.170608Z,0.45,35,no,2b813c25-1566-7f0e-c37c-3f3fbfbe47b5
KXNBASPREAD-25NOV05PHICLE-CLE10,2025-11-06T01:21:58.130941Z,0.45,31,no,33a170ba-9d8a-6e1e-91a3-97abbabcf469
KXNBASPREAD-25NOV05PHICLE-CLE10,2025-11-06T01:20:25.8347Z,0.45,5,no,063fed75-ae16-671e-eb8c-49ddd066a44d
KXNBASPREAD-25NOV05PHICLE-CLE10,2025-11-06T01:19:47.256912Z,0.48,50,yes,1868da8b-6f42-458b-c556-da9406a41c3a
KXNBASPREAD-25NOV05PHICLE-CLE10,2025-11-06T01:19:35.003181Z,0.43,1021,no,776945a9-a02a-63ee-cbf8-1c1f5bbbf6cd
KXNBASPREAD-25NOV05PHICLE-CLE10,2025-11-06T01:19:05.359303Z,0.43,97,no,ea855928-a826-58a2-77c1-ae2242694d4d
KXNBASPREAD-25NOV05PHICLE-CLE10,2025-11-06T01:18:05.603611Z,0.49,100,yes,67433820-76c6-5c25-0edc-b2af8230cf86
KXNBASPREAD-25NOV05PHICLE-CLE10,2025-11-06T01:17:20.223912Z,0.48,46,no,98394bc2-e3d2-75b2-29ff-51643afbca51
KXNBASPREAD-25NOV05PHICLE-CLE10,2025-11-06T01:16:58.5071Z,0.46,5,no,65f3ae3e-9d87-6de7-1321-729e631e43f9
KXNBASPREAD-25NOV05PHICLE-CLE10,2025-11-06T01:15:34.92904Z,0.51,500,no,e54698b4-865b-7302-9162-7fa7bfdd035a
KXNBASPREAD-25NOV05PHICLE-CLE10,2025-11-06T01:14:18.286309Z,0.59,500,yes,26a76440-b7b1-4264-3592-35a7b596c9ae
KXNBASPREAD-25NOV05PHICLE-CLE10,2025-11-06T01:14:12.180289Z,0.56,500,yes,b9b2f0cb-3232-4f1a-00fa-df549188b710
KXNBASPREAD-25NOV05PHICLE-CLE10,2025-11-06T01:14:10.358861Z,0.55,42,no,7bd2934c-f1a2-7506-049c-7ee62e682da1
KXNBASPREAD-25NOV05PHICLE-CLE10,2025-11-06T01:14:01.300713Z,0.55,43,no,88c651f8-0276-479e-42f5-abee58d2c1ad
KXNBASPREAD-25NOV05PHICLE-CLE10,2025-11-06T01:13:49.395833Z,0.53,500,yes,4586d3bf-4829-4f87-1f09-e985f4ede37a
KXNBASPREAD-25NOV05PHICLE-CLE10,2025-11-06T01:13:30.790999Z,0.53,23,yes,55f2dc7b-1a71-4a14-7819-e460738229c8
KXNBASPREAD-25NOV05PHICLE-CLE10,2025-11-06T01:12:39.703387Z,0.48,186,no,0fb7fa76-6f95-4a98-aed4-7dbc46352b28
KXNBASPREAD-25NOV05PHICLE-CLE10,2025-11-06T01:12:25.414184Z,0.48,16,no,7c75b3b8-95f2-696e-31dc-8ddcb4606913
KXNBASPREAD-25NOV05PHICLE-CLE10,2025-11-06T01:12:03.816729Z,0.44,5,no,c8065907-8f7d-5e23-606e-3743f1c830a0
KXNBASPREAD-25NOV05PHICLE-CLE10,2025-11-06T01:12:03.816729Z,0.41,16,no,b0584f1e-bde7-5ea8-4884-cc215da2a019
KXNBASPREAD-25NOV05PHICLE-CLE10,2025-11-06T01:12:03.816729Z,0.53,2500,no,84fe3201-90f9-5501-5d60-5d7e8c6d16e8
KXNBASPREAD-25NOV05PHICLE-CLE10,2025-11-06T01:12:03.816729Z,0.48,500,no,59f1a776-dbf2-547d-6fe4-02b4d2665949
KXNBASPREAD-25NOV05PHICLE-CLE10,2025-11-06T01:10:55.68641Z,0.54,20,no,3d3a760f-3729-5d71-7297-06c994b17bc0
KXNBASPREAD-25NOV05PHICLE-CLE10,2025-11-06T01:10:27.064776Z,0.54,628,no,59163fbf-206d-61b5-f030-ffbf8f1f7aa8
KXNBASPREAD-25NOV05PHICLE-CLE10,2025-11-06T01:09:13.253892Z,0.58,97,yes,e68adc62-b9fc-4aa8-87de-7b4d53c5e580
KXNBASPREAD-25NOV05PHICLE-CLE10,2025-11-06T01:07:47.150264Z,0.57,78,no,4232c2e9-ba49-5f55-36ac-cf834fe6fcbc
KXNBASPREAD-25NOV05PHICLE-CLE10,2025-11-06T00:59:26.729842Z,0.55,25,yes,7658b01a-7b2e-78b3-9dea-b2aee9b8e94c
KXNBASPREAD-25NOV05PHICLE-CLE10,2025-11-06T00:59:03.835938Z,0.55,100,yes,75b43a16-1dce-6e13-83e8-a8a73d71c5ac
KXNBASPREAD-25NOV05PHICLE-CLE10,2025-11-06T00:58:06.890678Z,0.56,87,no,918d5b71-90ee-47e5-0378-6a0610cf6cd9
KXNBASPREAD-25NOV05PHICLE-CLE10,2025-11-06T00:57:26.679802Z,0.48,142,no,cccf56c2-bf49-5751-464c-1a536dee7888
KXNBASPREAD-25NOV05PHICLE-CLE10,2025-11-06T00:57:26.679802Z,0.57,500,no,bce5008b-a2d6-509c-5b01-3f3c8d248c88
KXNBASPREAD-25NOV05PHICLE-CLE10,2025-11-06T00:54:02.740578Z,0.62,500,yes,bb320a14-4582-75fe-9723-7b77d1b63549
KXNBASPREAD-25NOV05PHICLE-CLE10,2025-11-06T00:48:46.346375Z,0.51,71,no,822f0f2b-cf45-4bad-42fd-55acb88ed1fc
KXNBASPREAD-25NOV05PHICLE-CLE10,2025-11-06T00:48:46.346375Z,0.55,520,no,501a8922-0361-4439-4785-7821a3c11c23
KXNBASPREAD-25NOV05PHICLE-CLE10,2025-11-06T00:47:11.788989Z,0.7,170,yes,473a1264-af54-6728-ae1c-f85263d7e9f5
KXNBASPREAD-25NOV05PHICLE-CLE10,2025-11-06T00:47:02.623984Z,0.63,5,no,77b3659d-03d9-78ad-291e-f0bb6e73ba4c
KXNBASPREAD-25NOV05PHICLE-CLE10,2025-11-06T00:45:44.440825Z,0.62,369,no,c26e8614-338e-4073-6c90-259ffd2e952d
KXNBASPREAD-25NOV05PHICLE-CLE10,2025-11-06T00:42:31.865687Z,0.67,14,no,d42b2c45-4fd9-6c21-7636-ba72d9391394
KXNBASPREAD-25NOV05PHICLE-CLE10,2025-11-06T00:42:00.682351Z,0.69,30,no,090c6cb1-7e75-7f9d-da4f-cbff1f3c5734
KXNBASPREAD-25NOV05PHICLE-CLE10,2025-11-06T00:38:53.664579Z,0.72,500,yes,47ea3315-6921-7abb-81be-231bd7f7e230
KXNBASPREAD-25NOV05PHICLE-CLE10,2025-11-06T00:36:25.800737Z,0.68,500,yes,ddf0c83c-e427-7fe6-9065-5e6b5acf7171
KXNBASPREAD-25NOV05PHICLE-CLE10,2025-11-06T00:34:30.849213Z,0.73,10,yes,36a75fbc-d30c-63a8-2800-2adc48f3406e
KXNBASPREAD-25NOV05PHICLE-CLE10,2025-11-06T00:33:25.813295Z,0.73,18,yes,fb548e6d-b31c-7980-6ffa-a0e7d957dbd2
KXNBASPREAD-25NOV05PHICLE-CLE10,2025-11-06T00:32:01.174741Z,0.65,1,no,95d2b66f-afd6-41cf-e7d5-8bc634e284a8
KXNBASPREAD-25NOV05PHICLE-CLE10,2025-11-06T00:31:55.118108Z,0.65,40,no,30599da3-617f-5944-2b24-41918aa7e9b9
KXNBASPREAD-25NOV05PHICLE-CLE10,2025-11-06T00:30:12.224961Z,0.73,74,yes,0b583316-4c74-6ebc-c9a6-1312a7eea48e
KXNBASPREAD-25NOV05PHICLE-CLE10,2025-11-06T00:25:37.011269Z,0.65,54,no,60357118-cf3b-6714-6863-a283aa003965
KXNBASPREAD-25NOV05PHICLE-CLE10,2025-11-06T00:25:28.15983Z,0.63,221,yes,34d76b4a-f1cf-5326-21ca-9818488ab5d4
KXNBASPREAD-25NOV05PHICLE-CLE10,2025-11-06T00:24:58.330248Z,0.62,131,no,2bb86e21-30b6-79c5-21b5-a95dcac3e9b0
KXNBASPREAD-25NOV05PHICLE-CLE10,2025-11-06T00:23:18.828851Z,0.61,121,no,988fe83d-40fa-610d-8081-d7c3ac5eb2a2
KXNBASPREAD-25NOV05PHICLE-CLE10,2025-11-06T00:22:20.675508Z,0.63,8,yes,72146a85-0b4b-7bb6-2410-38d15409b290
KXNBASPREAD-25NOV05PHICLE-CLE10,2025-11-06T00:17:37.980379Z,0.73,83,yes,0e04938b-7120-72c0-b260-053bef4788a2
KXNBASPREAD-25NOV05PHICLE-CLE10,2025-11-06T00:15:41.973299Z,0.62,52,no,c75b46a2-b77a-6471-0492-646174fc3119
KXNBASPREAD-25NOV05PHICLE-CLE10,2025-11-06T00:10:33.00436Z,0.53,102,no,75102074-83e2-4270-2431-79bdd192696a
KXNBASPREAD-25NOV05PHICLE-CLE10,2025-11-06T00:10:16.291795Z,0.54,1152,no,a0715aef-1299-5311-bd67-f116806bb738
KXNBASPREAD-25NOV05PHICLE-CLE10,2025-11-06T00:08:57.501489Z,0.54,20,no,42bc27aa-9219-40d9-acee-8cec5f4339d8
KXNBASPREAD-25NOV05PHICLE-CLE10,2025-11-06T00:08:55.82486Z,0.54,10,no,ba26bc81-05c5-4929-bb5f-700287611b08
KXNBASPREAD-25NOV05PHICLE-CLE10,2025-11-06T00:08:33.191648Z,0.54,20,no,f57351ad-6b99-7a59-71b7-a1bb912b5f14
KXNBASPREAD-25NOV05PHICLE-CLE10,2025-11-06T00:07:27.987762Z,0.54,2956,no,d99446d1-6451-6d49-6a1c-d829513d6a88
KXNBASPREAD-25NOV05PHICLE-CLE10,2025-11-06T00:07:10.081049Z,0.54,20,no,a452bf74-cb15-4bc5-bea8-4f22646f396c
KXNBASPREAD-25NOV05PHICLE-CLE10,2025-11-06T00:06:32.901337Z,0.54,8,no,5769bde6-bb59-4215-3195-0f37f30d91ac
KXNBASPREAD-25NOV05PHICLE-CLE10,2025-11-06T00:06:30.776128Z,0.54,680,no,02e2d870-8b15-7f79-d773-7e0e3c9e4d34
KXNBASPREAD-25NOV05PHICLE-CLE10,2025-11-06T00:05:56.64717Z,0.55,320,no,57102bb8-d612-75d4-65e8-5aba2a7a64aa
KXNBASPREAD-25NOV05PHICLE-CLE10,2025-11-06T00:04:43.988146Z,0.57,170,yes,cd9afc7c-671d-7a85-2ff1-1d205471ab28
KXNBASPREAD-25NOV05PHICLE-CLE10,2025-11-06T00:04:30.657732Z,0.55,2139,no,579daea0-1c8a-4978-2508-72998691b41e
KXNBASPREAD-25NOV05PHICLE-CLE10,2025-11-06T00:03:59.479711Z,0.55,74,no,5c274d6b-a8da-4b38-3d8b-223b730787ea
KXNBASPREAD-25NOV05PHICLE-CLE10,2025-11-06T00:03:42.85013Z,0.55,89,no,94806071-3ea6-7140-6664-1198ff964cc2
KXNBASPREAD-25NOV05PHICLE-CLE10,2025-11-06T00:03:26.514355Z,0.57,326,yes,6c87890d-9dfd-5ae9-cb06-ed0b798ce904
KXNBASPREAD-25NOV05PHICLE-CLE10,2025-11-06T00:03:09.523846Z,0.57,149,yes,57cd2c71-a809-70b5-18c3-bc9efaadd5fc
KXNBASPREAD-25NOV05PHICLE-CLE10,2025-11-06T00:02:43.564949Z,0.55,385,no,837eb206-8a12-4a94-b3cf-ecb365929d62
KXNBASPREAD-25NOV05PHICLE-CLE10,2025-11-06T00:02:39.24657Z,0.55,21,no,112c60c7-cad6-434c-a454-f4d209790792
KXNBASPREAD-25NOV05PHICLE-CLE10,2025-11-06T00:02:07.920978Z,0.55,21,no,47907443-490a-427c-20a7-5916a99578b2
KXNBASPREAD-25NOV05PHICLE-CLE10,2025-11-06T00:01:55.533365Z,0.55,106,no,2c610286-bdf2-56e0-16ed-73c3fc0626da
KXNBASPREAD-25NOV05PHICLE-CLE10,2025-11-06T00:01:25.127496Z,0.55,10,no,1f02066c-d766-4380-0241-5b3dc03810b2
KXNBASPREAD-25NOV05PHICLE-CLE10,2025-11-06T00:01:21.215945Z,0.57,170,yes,7011aaf9-5331-7fd9-49db-8a9650a62298
KXNBASPREAD-25NOV05PHICLE-CLE10,2025-11-06T00:00:39.625818Z,0.55,534,no,136c6be7-6dde-6b8c-fc3b-5cccac6aaa82
KXNBASPREAD-25NOV05PHICLE-CLE10,2025-11-06T00:00:32.847862Z,0.55,21,no,07c75607-8e0a-7f7c-9cbf-ad865191d75e
KXNBASPREAD-25NOV05PHICLE-CLE10,2025-11-05T23:59:51.561457Z,0.55,42,no,456defb7-11f6-77fc-75f0-e52966a40c06
KXNBASPREAD-25NOV05PHICLE-CLE10,2025-11-05T23:58:56.713628Z,0.55,200,no,f2323de1-5e36-5ecc-0d39-7a2f560f36ba
KXNBASPREAD-25NOV05PHICLE-CLE10,2025-11-05T23:58:23.069492Z,0.55,246,no,5ce01d47-dd7e-5fd8-6536-61337d9a6a06
KXNBASPREAD-25NOV05PHICLE-CLE10,2025-11-05T23:56:52.90327Z,0.53,369,no,7338c6b2-dbb2-5918-7e98-56de1b3461d2
KXNBASPREAD-25NOV05PHICLE-CLE10,2025-11-05T23:56:46.475242Z,0.54,3,yes,d5b5c514-25ff-799b-b0ab-f8bf29a474d0
KXNBASPREAD-25NOV05PHICLE-CLE10,2025-11-05T23:56:17.334247Z,0.53,307,no,3bba3c46-42aa-74ac-b4e3-9bcef1fceb92
KXNBASPREAD-25NOV05PHICLE-CLE10,2025-11-05T23:56:01.587238Z,0.53,102,no,d11506b1-73b2-7dcc-52d8-332abf66633e
KXNBASPREAD-25NOV05PHICLE-CLE10,2025-11-05T23:55:59.072973Z,0.53,120,no,928035f1-fe46-539c-71cd-203066f67376
KXNBASPREAD-25NOV05PHICLE-CLE10,2025-11-05T23:55:47.212418Z,0.53,102,no,2daf6c95-b08a-6aa8-004b-090befa752e2
KXNBASPREAD-25NOV05PHICLE-CLE10,2025-11-05T23:54:48.254536Z,0.54,2,no,d783fc3c-3c48-7885-8392-4c5aa77e9498
KXNBASPREAD-25NOV05PHICLE-CLE10,2025-11-05T23:54:42.622114Z,0.54,2,no,cd87ecd1-d630-58ad-876b-f6a2b8abe0fc
KXNBASPREAD-25NOV05PHICLE-CLE10,2025-11-05T23:53:27.809358Z,0.54,523,no,b62c379e-b698-5439-32e4-4f69ebff9b40
KXNBASPREAD-25NOV05PHICLE-CLE10,2025-11-05T23:51:50.211392Z,0.56,17,yes,e21bb099-2c83-5eb7-476e-47e53994249f
KXNBASPREAD-25NOV05PHICLE-CLE10,2025-11-05T23:50:56.408996Z,0.53,20,no,71b79f40-58fa-7788-39f2-d1b2fb59be9e
KXNBASPREAD-25NOV05PHICLE-CLE10,2025-11-05T23:49:54.726298Z,0.53,102,no,c4ba210f-38ba-5328-fa77-58fcb21b379e
KXNBASPREAD-25NOV05PHICLE-CLE10,2025-11-05T23:48:19.774135Z,0.53,410,no,7461ef95-610e-5894-53ad-fa588e5d3146
KXNBASPREAD-25NOV05PHICLE-CLE10,2025-11-05T23:46:53.781249Z,0.53,302,no,8e77b477-240e-4624-10ae-9261824a9302
KXNBASPREAD-25NOV05PHICLE-CLE10,2025-11-05T23:46:51.098707Z,0.53,160,no,3106cf4b-9662-5850-caaf-b477836b29ee
KXNBASPREAD-25NOV05PHICLE-CLE10,2025-11-05T23:46:14.629165Z,0.53,41,no,96c43caa-6512-738c-dd6a-66ee89b51e26
KXNBASPREAD-25NOV05PHICLE-CLE10,2025-11-05T23:46:08.711751Z,0.53,20,no,b90abf4a-9f72-6744-8788-30c31f45d166
KXNBASPREAD-25NOV05PHICLE-CLE10,2025-11-05T23:45:47.803934Z,0.53,60,no,81356c77-c68e-62d4-f283-ae85ece4922a
KXNBASPREAD-25NOV05PHICLE-CLE10,2025-11-05T23:43:37.045623Z,0.53,821,no,e945c216-41da-7878-5534-7752ef6997aa
KXNBASPREAD-25NOV05PHICLE-CLE10,2025-11-05T23:43:24.709941Z,0.56,55,yes,d4d7b243-69c3-7d93-cb4a-b2998c4e434b
KXNBASPREAD-25NOV05PHICLE-CLE10,2025-11-05T23:42:20.347379Z,0.53,61,no,d398c8e8-5706-6cfc-76d5-ad12c5453e5a
KXNBASPREAD-25NOV05PHICLE-CLE10,2025-11-05T23:42:16.85424Z,0.53,4,no,a413663a-b3a2-7b98-68bb-cc442100b7c6
KXNBASPREAD-25NOV05PHICLE-CLE10,2025-11-05T23:40:05.089386Z,0.53,10,no,801bf435-0e06-54bc-26f9-b6a9d945fe3e
KXNBASPREAD-25NOV05PHICLE-CLE10,2025-11-05T23:39:22.273275Z,0.56,85,yes,03a5df8d-78a3-5f0b-8603-670da3f55d4f
KXNBASPREAD-25NOV05PHICLE-CLE10,2025-11-05T23:38:47.125015Z,0.53,512,no,2b4dff8b-ebbe-67c0-425b-5a6bc5ef944e
KXNBASPREAD-25NOV05PHICLE-CLE10,2025-11-05T23:36:10.458894Z,0.53,8,no,cbac9a35-c8fa-707c-6123-ab9b7e692cde
KXNBASPREAD-25NOV05PHICLE-CLE10,2025-11-05T23:33:04.699101Z,0.54,23,no,ea7c34f7-1ef2-4671-18e2-53dbcafde463
KXNBASPREAD-25NOV05PHICLE-CLE10,2025-11-05T23:32:52.47465Z,0.54,10,no,c87216ab-9fce-64dd-d654-0819405bef37
KXNBASPREAD-25NOV05PHICLE-CLE10,2025-11-05T23:30:57.891789Z,0.54,27,no,f08d8a46-268a-6b25-e49b-88ea4999d0e7
KXNBASPREAD-25NOV05PHICLE-CLE10,2025-11-05T23:28:04.12675Z,0.57,58,yes,d0aa2c07-ba58-4710-a235-02de4ef6d782
KXNBASPREAD-25NOV05PHICLE-CLE10,2025-11-05T23:27:46.841506Z,0.54,41,no,ead2588b-373a-63b9-1983-780bd6ef20e3
KXNBASPREAD-25NOV05PHICLE-CLE10,2025-11-05T23:27:23.090789Z,0.54,52,no,23c3b699-d0fa-4c15-5999-6ecb918d6b8b
KXNBASPREAD-25NOV05PHICLE-CLE10,2025-11-05T23:27:05.310076Z,0.54,52,no,fdc5ddcc-e482-49a1-0bfb-285df8fadb4b
KXNBASPREAD-25NOV05PHICLE-CLE10,2025-11-05T23:25:38.201868Z,0.53,350,no,5de2c75d-2090-60b6-6373-98801b5f0cff
KXNBASPREAD-25NOV05PHICLE-CLE10,2025-11-05T23:22:52.785703Z,0.53,59,no,68025aee-3a18-776a-416a-174dfb9e8947
KXNBASPREAD-25NOV05PHICLE-CLE10,2025-11-05T23:22:25.47362Z,0.55,17,yes,7bd5ab04-5bcf-71f7-774d-2bfa53f00b63
KXNBASPREAD-25NOV05PHICLE-CLE10,2025-11-05T23:19:44.36798Z,0.55,35,yes,2a3d623f-7fbf-531b-3711-087681f21157
KXNBASPREAD-25NOV05PHICLE-CLE10,2025-11-05T23:19:08.348804Z,0.55,26,yes,928b6583-808b-4307-a67c-3d26813b7427
KXNBASPREAD-25NOV05PHICLE-CLE10,2025-11-05T23:18:50.007185Z,0.53,9,no,d20a917a-3d00-5ede-817b-d0f802b6cdbf
KXNBASPREAD-25NOV05PHICLE-CLE10,2025-11-05T23:18:34.464868Z,0.53,6,no,bdf900f9-04ac-545e-83ad-e7d3092f91bb
KXNBASPREAD-25NOV05PHICLE-CLE10,2025-11-05T23:18:29.180776Z,0.53,457,no,1a88f347-c6f8-46c2-01f8-09817299d76b
KXNBASPREAD-25NOV05PHICLE-CLE10,2025-11-05T23:18:25.216174Z,0.53,4,no,cfc4efbd-1104-6afa-5a47-76c447bd91a7
KXNBASPREAD-25NOV05PHICLE-CLE10,2025-11-05T23:15:58.66837Z,0.53,10,no,c03643a9-c554-5526-8924-69514c52b383
KXNBASPREAD-25NOV05PHICLE-CLE10,2025-11-05T23:15:47.557489Z,0.53,205,no,789751d2-82ac-62f6-247c-1a9695043b6f
KXNBASPREAD-25NOV05PHICLE-CLE10,2025-11-05T23:14:36.774179Z,0.53,10,no,066df087-d028-50ea-4a77-cd0374649caf
KXNBASPREAD-25NOV05PHICLE-CLE10,2025-11-05T23:14:14.608431Z,0.53,102,no,53b91418-3054-50c6-ef68-84e130daefb7
KXNBASPREAD-25NOV05PHICLE-CLE10,2025-11-05T23:14:13.955792Z,0.53,22,no,6eed8e42-9cb8-534a-4eff-6a8093a6bf4f
KXNBASPREAD-25NOV05PHICLE-CLE10,2025-11-05T23:10:28.495459Z,0.53,20,no,f9c9ba6e-74e4-73be-06a6-35a12db60847
KXNBASPREAD-25NOV05PHICLE-CLE10,2025-11-05T23:09:52.296639Z,0.53,4,no,24e8028d-d8d8-70ae-3865-e0a351747593
KXNBASPREAD-25NOV05PHICLE-CLE10,2025-11-05T23:09:17.675772Z,0.56,359,yes,1fa69577-b579-5153-0fee-7ea9f04152e0
KXNBASPREAD-25NOV05PHICLE-CLE10,2025-11-05T23:09:06.899366Z,0.53,102,no,9f2a7edc-2ef4-4c6e-2e74-edb08b57f1d7
KXNBASPREAD-25NOV05PHICLE-CLE10,2025-11-05T23:08:05.415858Z,0.53,51,no,cf5dee31-ae18-42b2-dae0-e5f5383f5f6f
KXNBASPREAD-25NOV05PHICLE-CLE10,2025-11-05T23:03:44.038047Z,0.53,88,no,37d93326-3da0-7082-1520-f009536fe44b
KXNBASPREAD-25NOV05PHICLE-CLE10,2025-11-05T23:03:44.038047Z,0.54,12,no,1ce0d6ec-86db-79fa-3eca-21b704a307ad
KXNBASPREAD-25NOV05PHICLE-CLE10,2025-11-05T23:03:35.26714Z,0.56,43,yes,94fe9c0b-a405-7be7-238e-f2996511a474
KXNBASPREAD-25NOV05PHICLE-CLE10,2025-11-05T23:02:53.272311Z,0.56,10,yes,f1914e17-0771-7ccf-eb1a-115d22709b5c
KXNBASPREAD-25NOV05PHICLE-CLE10,2025-11-05T23:02:53.272311Z,0.54,5,yes,df89017d-1f19-77c2-d241-2b2c6266e7ca
KXNBASPREAD-25NOV05PHICLE-CLE10,2025-11-05T23:02:53.272311Z,0.55,20,yes,8e9fa5e6-cb67-73b5-e21e-b213478a4d5c
KXNBASPREAD-25NOV05PHICLE-CLE10,2025-11-05T23:01:04.10177Z,0.53,603,no,799a66a2-b370-6b4a-3cf2-ebfb930eb133
KXNBASPREAD-25NOV05PHICLE-CLE10,2025-11-05T22:59:59.134901Z,0.53,56,yes,aa1cf3a9-6e28-6a64-62e5-98a3678cc901
KXNBASPREAD-25NOV05PHICLE-CLE10,2025-11-05T22:59:59.134901Z,0.53,91,yes,8bec19c1-76e2-6b21-5635-e03746985841
KXNBASPREAD-25NOV05PHICLE-CLE10,2025-11-05T22:59:59.134901Z,0.53,87,yes,4db782e8-4e94-6dc2-54f6-58b70716d8d0
KXNBASPREAD-25NOV05PHICLE-CLE10,2025-11-05T22:59:59.134901Z,0.53,127,yes,41aeb39c-2580-6d9c-4571-e13606b994a7
KXNBASPREAD-25NOV05PHICLE-CLE10,2025-11-05T22:59:56.071134Z,0.52,20,no,65dc35de-8020-6a2b-972d-a175c95f627c
KXNBASPREAD-25NOV05PHICLE-CLE10,2025-11-05T22:58:58.676934Z,0.53,3,yes,9e6cb065-c534-6d12-fba7-4ec675486394
KXNBASPREAD-25NOV05PHICLE-CLE10,2025-11-05T22:57:30.586836Z,0.53,10,yes,87f4d116-0580-6126-8c88-7686ca5194ec
KXNBASPREAD-25NOV05PHICLE-CLE10,2025-11-05T22:55:37.250026Z,0.52,20,yes,fa5a4caa-1ea9-615a-58f7-f8deec1e4e82
KXNBASPREAD-25NOV05PHICLE-CLE10,2025-11-05T22:55:33.579243Z,0.52,9,yes,e9b65f4a-b022-5fcc-a737-18341c8bc925
KXNBASPREAD-25NOV05PHICLE-CLE10,2025-11-05T22:53:15.572Z,0.52,4,yes,0d6e6ffa-0d6e-69b4-769c-05a65debc875
KXNBASPREAD-25NOV05PHICLE-CLE10,2025-11-05T22:52:39.087579Z,0.51,15,no,6b73e0ee-f7cf-7948-de2f-7742c889665f
KXNBASPREAD-25NOV05PHICLE-CLE10,2025-11-05T22:51:18.851835Z,0.51,98,no,5b33021a-1d1b-6d2c-1a53-9d83f34267df
KXNBASPREAD-25NOV05PHICLE-CLE10,2025-11-05T22:50:13.652128Z,0.52,31,yes,ad8594e1-75fe-580c-cbe9-e1b7c5104a6d
KXNBASPREAD-25NOV05PHICLE-CLE10,2025-11-05T22:50:13.652128Z,0.52,15,yes,a110ed04-cade-5e0d-ffa8-9e2d3b81a688
KXNBASPREAD-25NOV05PHICLE-CLE10,2025-11-05T22:50:10.144943Z,0.51,1043,no,96d7306e-4bcf-54c8-8d02-b20fe96ce89b
KXNBASPREAD-25NOV05PHICLE-CLE10,2025-11-05T22:49:36.603519Z,0.51,197,no,99b3edaf-1593-7650-b8cd-8b506e5e309f
KXNBASPREAD-25NOV05PHICLE-CLE10,2025-11-05T22:49:16.44693Z,0.51,31,no,3d9acf78-14c7-604c-b74d-27cf3fe9dc7b
KXNBASPREAD-25NOV05PHICLE-CLE10,2025-11-05T22:48:53.015129Z,0.51,9,no,a60ebbd0-fdeb-5320-103d-1c03109ce94f
KXNBASPREAD-25NOV05PHICLE-CLE10,2025-11-05T22:48:33.88883Z,0.51,124,no,c2e91ec4-e42b-529c-fc72-4d5fe4776937
KXNBASPREAD-25NOV05PHICLE-CLE10,2025-11-05T22:46:03.04381Z,0.51,19,no,f39a02a5-720c-43bf-91eb-bef3df3f8530
KXNBASPREAD-25NOV05PHICLE-CLE10,2025-11-05T22:45:32.40201Z,0.51,275,no,d5e85c13-72f4-50ef-903b-fca34ffe8b04
KXNBASPREAD-25NOV05PHICLE-CLE10,2025-11-05T22:45:32.40201Z,0.51,20,no,4add0fe3-dd5a-500f-8687-b494b9e3e46b
KXNBASPREAD-25NOV05PHICLE-CLE10,2025-11-05T22:43:31.240739Z,0.51,39,no,f5ab4e3d-d618-72bf-760b-61e34c6a12b8
KXNBASPREAD-25NOV05PHICLE-CLE10,2025-11-05T22:42:29.993069Z,0.52,35,yes,632875b4-3016-50f1-c977-285794630cd4
KXNBASPREAD-25NOV05PHICLE-CLE10,2025-11-05T22:42:29.993069Z,0.51,315,yes,5586c941-cd37-5345-d63f-5dcc57185734
KXNBASPREAD-25NOV05PHICLE-CLE10,2025-11-05T22:41:51.608175Z,0.51,46,yes,9b145483-d4c3-61a5-f95a-6868d6aa5a30
KXNBASPREAD-25NOV05PHICLE-CLE10,2025-11-05T22:41:43.003858Z,0.51,369,yes,89da100d-46a7-5331-4d07-0fad88b6ce4c
KXNBASPREAD-25NOV05PHICLE-CLE10,2025-11-05T22:37:23.335466Z,0.51,392,yes,29c7d664-76ab-43d1-9109-4a142ca8140c
KXNBASPREAD-25NOV05PHICLE-CLE10,2025-11-05T22:37:19.944222Z,0.51,392,yes,1595eee8-6913-6d41-243e-5fd930be4524
KXNBASPREAD-25NOV05PHICLE-CLE10,2025-11-05T22:37:16.831013Z,0.51,392,yes,2efed114-b02f-591d-fb23-ed4e45c5f72c
KXNBASPREAD-25NOV05PHICLE-CLE10,2025-11-05T22:32:56.028727Z,0.5,9,no,b6dc5cde-270e-62f0-eff5-6485a0a34a1b
KXNBASPREAD-25NOV05PHICLE-CLE10,2025-11-05T22:29:58.733999Z,0.5,50,no,2c7b7daa-73ae-7c1c-e9ea-3c8c2fc3c657
KXNBASPREAD-25NOV05PHICLE-CLE10,2025-11-05T22:26:53.917381Z,0.5,9,no,866208fb-0b54-4fbb-3038-7e613569f6e8
KXNBASPREAD-25NOV05PHICLE-CLE10,2025-11-05T22:26:12.561749Z,0.51,94,yes,8e6a8cc4-6c13-5c29-90d4-ddb2aa014e40
KXNBASPREAD-25NOV05PHICLE-CLE10,2025-11-05T22:24:28.339525Z,0.5,19,no,1d4ac88d-918c-79f3-6ba2-984f7c76650c
KXNBASPREAD-25NOV05PHICLE-CLE10,2025-11-05T22:24:06.50488Z,0.5,1315,yes,ae9c2b25-f0e4-73dc-64f3-d136e9af802d
KXNBASPREAD-25NOV05PHICLE-CLE10,2025-11-05T22:22:36.537958Z,0.5,296,yes,fd6374aa-8bd0-578c-ae41-f63f21f09ff5
KXNBASPREAD-25NOV05PHICLE-CLE10,2025-11-05T22:22:27.568476Z,0.49,5,no,78e2c40e-d337-5bfe-6d0d-4e837c64526b
KXNBASPREAD-25NOV05PHICLE-CLE10,2025-11-05T22:19:41.692946Z,0.5,3,yes,ca0e678a-db44-6eb8-f817-20861c15c909
KXNBASPREAD-25NOV05PHICLE-CLE10,2025-11-05T22:14:34.975449Z,0.49,20,no,6b298335-6887-5aba-f450-d665b23267cb
KXNBASPREAD-25NOV05PHICLE-CLE10,2025-11-05T22:14:06.272587Z,0.49,381,no,f7b33dcf-a2df-42a6-713b-9012a6c68263
KXNBASPREAD-25NOV05PHICLE-CLE10,2025-11-05T22:09:54.601771Z,0.49,94,no,93549a0c-a1db-5162-92af-8908f9a6c9b3
KXNBASPREAD-25NOV05PHICLE-CLE10,2025-11-05T22:09:34.361984Z,0.5,386,yes,18fb19d4-c574-5cc4-9372-9716b7ab4fa5
KXNBASPREAD-25NOV05PHICLE-CLE10,2025-11-05T22:05:40.935094Z,0.49,173,no,9f7968e8-249f-62ca-0aae-8a01418afaef
KXNBASPREAD-25NOV05PHICLE-CLE10,2025-11-05T22:05:01.713919Z,0.49,195,no,73990eca-e5cf-5e92-3179-d2c9716a55cf
KXNBASPREAD-25NOV05PHICLE-CLE10,2025-11-05T22:04:23.563145Z,0.49,368,no,42dcf1ea-3d03-54b2-5b52-82df442bf51f
KXNBASPREAD-25NOV05PHICLE-CLE10,2025-11-05T22:04:19.015361Z,0.49,5,no,39ccce1c-a347-7616-7e55-db1d053fa3d3
KXNBASPREAD-25NOV05PHICLE-CLE10,2025-11-05T22:03:52.197921Z,0.49,4,no,543ef48c-5c57-5986-6a96-c838ff175cef
KXNBASPREAD-25NOV05PHICLE-CLE10,2025-11-05T22:00:40.826832Z,0.49,18,no,92b6f97d-4997-7336-cd6b-e129ea19994b
KXNBASPREAD-25NOV05PHICLE-CLE10,2025-11-05T22:00:33.675597Z,0.5,368,yes,462c6057-957c-5396-505a-9748086df5de
KXNBASPREAD-25NOV05PHICLE-CLE10,2025-11-05T21:59:59.384103Z,0.49,37,no,03cd9009-9deb-779e-f0aa-2c2d2413d1e7
KXNBASPREAD-25NOV05PHICLE-CLE10,2025-11-05T21:59:25.235229Z,0.49,100,no,de0bf497-8b6f-7662-d345-d6322171daef
KXNBASPREAD-25NOV05PHICLE-CLE10,2025-11-05T21:57:01.562618Z,0.49,93,no,ecd6d9a1-704f-7352-f9ea-ec8b60c1970f
KXNBASPREAD-25NOV05PHICLE-CLE10,2025-11-05T21:55:11.62612Z,0.49,379,no,0580ac7f-292b-4aba-1705-b17ab4d529fb
KXNBASPREAD-25NOV05PHICLE-CLE10,2025-11-05T21:48:14.495667Z,0.49,50,no,a0b6d669-c05f-631a-22bb-2c89e4068c3b
KXNBASPREAD-25NOV05PHICLE-CLE10,2025-11-05T21:47:30.16751Z,0.49,212,no,4e8e8d00-45f7-6a06-5f3b-fca0b2284407
KXNBASPREAD-25NOV05PHICLE-CLE10,2025-11-05T21:46:14.527405Z,0.5,21,yes,2f575e44-4f34-7aa6-d8e7-0f970e9144ea
KXNBASPREAD-25NOV05PHICLE-CLE10,2025-11-05T21:45:49.002495Z,0.49,379,no,e6cc1193-f203-69ce-b37f-91a01c162443
KXNBASPREAD-25NOV05PHICLE-CLE10,2025-11-05T21:44:26.950004Z,0.49,335,no,7b63809a-a36f-6896-3be6-45b055822a67
KXNBASPREAD-25NOV05PHICLE-CLE10,2025-11-05T21:39:59.489455Z,0.5,144,yes,dc0437f8-0764-5122-2767-35f131a2dab2
KXNBASPREAD-25NOV05PHICLE-CLE10,2025-11-05T21:39:04.829752Z,0.49,1000,no,9a22cde5-886f-622e-6dba-143c9b9c0553
KXNBASPREAD-25NOV05PHICLE-CLE10,2025-11-05T21:31:51.443427Z,0.49,18,no,65068f22-8f93-6a1e-9c20-ad855985b0e7
KXNBASPREAD-25NOV05PHICLE-CLE10,2025-11-05T21:30:56.127822Z,0.49,195,no,b822aa3c-cedf-6276-ed03-606a86e1a07b
KXNBASPREAD-25NOV05PHICLE-CLE10,2025-11-05T21:30:56.127822Z,0.5,17,no,57eafb30-0237-6c66-c044-c5211f5fb98a
KXNBASPREAD-25NOV05PHICLE-CLE10,2025-11-05T21:30:08.551822Z,0.51,149,yes,da9f77ca-7df4-4bf1-99ae-3f5278eaeabe
KXNBASPREAD-25NOV05PHICLE-CLE10,2025-11-05T21:30:08.551822Z,0.51,40,yes,ac9be663-5bc8-43c0-b0a8-f6299fd0dd58
KXNBASPREAD-25NOV05PHICLE-CLE10,2025-11-05T21:30:06.637699Z,0.51,32,yes,cf4def39-22de-61e6-68b6-ae28111eaaf3
KXNBASPREAD-25NOV05PHICLE-CLE10,2025-11-05T21:18:53.293999Z,0.5,3,no,fba3c7c2-8b9b-44da-f983-f7db4d753a92
KXNBASPREAD-25NOV05PHICLE-CLE10,2025-11-05T21:12:41.633785Z,0.49,47,no,66ec9e61-0fd3-659e-8ead-475a84fca3cb
KXNBASPREAD-25NOV05PHICLE-CLE10,2025-11-05T21:07:24.134781Z,0.49,9,no,a0757585-c4cf-4502-ea4f-97b4846b74c7
KXNBASPREAD-25NOV05PHICLE-CLE10,2025-11-05T21:00:29.967763Z,0.5,2,yes,941ca355-0c7a-7826-9366-984a173e0833
KXNBASPREAD-25NOV05PHICLE-CLE10,2025-11-05T20:54:24.022179Z,0.49,189,no,3f4d1c6c-815f-5b12-42a7-ebab73646147
KXNBASPREAD-25NOV05PHICLE-CLE10,2025-11-05T20:50:11.930476Z,0.49,189,no,077264bf-4157-4c46-360d-85342b000583
KXNBASPREAD-25NOV05PHICLE-CLE10,2025-11-05T20:31:50.717037Z,0.5,18,yes,18ab26fd-6f1e-4f3e-9387-e5fcb628d0f7
KXNBASPREAD-25NOV05PHICLE-CLE10,2025-11-05T20:27:14.985689Z,0.5,483,yes,8f6b32a0-bd8a-7bc6-9e9b-47bf256e2217
KXNBASPREAD-25NOV05PHICLE-CLE10,2025-11-05T20:25:19.541977Z,0.49,20,no,d01ff505-a2e7-55d6-791a-15a53acbd46f
KXNBASPREAD-25NOV05PHICLE-CLE10,2025-11-05T20:17:07.414323Z,0.49,7,no,75d6818a-4f73-75d6-1232-868da5a40c8b
KXNBASPREAD-25NOV05PHICLE-CLE10,2025-11-05T20:15:59.277879Z,0.49,11,no,fc5fea00-e700-5ae3-4f71-419726589394
KXNBASPREAD-25NOV05PHICLE-CLE10,2025-11-05T20:15:59.277879Z,0.49,620,no,7615f9c4-2efb-5a1e-7865-0b1b614660e7
KXNBASPREAD-25NOV05PHICLE-CLE10,2025-11-05T20:11:29.797818Z,0.5,48,yes,11935eec-08b2-650e-d15c-2b76082ff32f
KXNBASPREAD-25NOV05PHICLE-CLE10,2025-11-05T20:09:55.178889Z,0.49,9,no,08a6a9a3-997c-710f-ddb9-0b882e18d440
KXNBASPREAD-25NOV05PHICLE-CLE10,2025-11-05T20:05:52.450127Z,0.5,20,no,74ac1fa1-d42e-436b-1512-27ce0f1a191b
KXNBASPREAD-25NOV05PHICLE-CLE10,2025-11-05T20:01:33.978219Z,0.51,3476,yes,d12c1040-f245-5d0e-cad8-0ed50244a49d
KXNBASPREAD-25NOV05PHICLE-CLE10,2025-11-05T20:01:33.978219Z,0.51,20,yes,b72634a0-2a14-5a1b-f824-f66fd34bc609
KXNBASPREAD-25NOV05PHICLE-CLE10,2025-11-05T20:01:33.978219Z,0.52,848,yes,b47461ca-e84b-5fad-f6b1-6b3e45eeb3bd
KXNBASPREAD-25NOV05PHICLE-CLE10,2025-11-05T20:00:37.383988Z,0.5,20,yes,f577930b-46cd-5612-a30e-9d62de3b260c
KXNBASPREAD-25NOV05PHICLE-CLE10,2025-11-05T20:00:37.383988Z,0.51,61,yes,f12efb7f-72b5-5199-a5b1-d03b0401465a
KXNBASPREAD-25NOV05PHICLE-CLE10,2025-11-05T20:00:37.383988Z,0.5,5000,yes,85f5f1a0-b770-50fe-b5e3-8d69e46c1ab8
KXNBASPREAD-25NOV05PHICLE-CLE10,2025-11-05T20:00:37.383988Z,0.51,140,yes,47932f34-c25d-57c2-8432-f40611ee8a3d
KXNBASPREAD-25NOV05PHICLE-CLE10,2025-11-05T19:58:32.946259Z,0.48,5,no,e45f4e62-8f09-4c2b-efeb-20b5c781fe75
KXNBASPREAD-25NOV05PHICLE-CLE10,2025-11-05T19:58:20.938678Z,0.48,18,no,295f4ed5-ba45-6e73-4fe8-471a2bc3354d
KXNBASPREAD-25NOV05PHICLE-CLE10,2025-11-05T19:58:00.214292Z,0.48,18,no,fd8026c3-f88d-70b3-fb14-da7aa2086f9d
KXNBASPREAD-25NOV05PHICLE-CLE10,2025-11-05T19:49:42.962648Z,0.5,490,yes,4463e0c9-855e-4992-6dc4-a2a18ff68475
KXNBASPREAD-25NOV05PHICLE-CLE10,2025-11-05T19:48:36.341548Z,0.5,1043,yes,3945c9c5-c81a-4b9a-d819-90227c210059
KXNBASPREAD-25NOV05PHICLE-CLE10,2025-11-05T19:44:27.232115Z,0.49,9,yes,76ccf393-6342-48d1-b4b8-ddc590e58baf
KXNBASPREAD-25NOV05PHICLE-CLE10,2025-11-05T19:33:06.946341Z,0.48,18,no,6c2a4f9e-fdb5-6887-ad67-5fae338a92cd
KXNBASPREAD-25NOV05PHICLE-CLE10,2025-11-05T19:23:31.087765Z,0.48,9,no,91030933-4e15-4478-10f2-5582d88bc7a6
KXNBASPREAD-25NOV05PHICLE-CLE10,2025-11-05T19:22:44.196251Z,0.48,93,no,2b28c523-c271-5988-e537-0585575b1df6
KXNBASPREAD-25NOV05PHICLE-CLE10,2025-11-05T19:22:28.867082Z,0.49,20,yes,b4af00c4-7ee9-618a-3fac-713843b58cce
KXNBASPREAD-25NOV05PHICLE-CLE10,2025-11-05T19:22:28.867082Z,0.5,189,yes,1d85fdf9-5fe4-6983-3826-05b6b64e11ef
KXNBASPREAD-25NOV05PHICLE-CLE10,2025-11-05T19:21:29.120985Z,0.48,50,no,8c2fda34-fbd1-606c-9e94-392d2bdd5756
KXNBASPREAD-25NOV05PHICLE-CLE10,2025-11-05T19:21:29.120985Z,0.48,43,no,20d957e3-9a09-68f0-9b20-f5e10c36ec86
KXNBASPREAD-25NOV05PHICLE-CLE10,2025-11-05T19:02:18.045278Z,0.49,3,yes,02fa1494-d57d-40bf-375d-024a62d6dde5
KXNBASPREAD-25NOV05PHICLE-CLE10,2025-11-05T18:52:57.697967Z,0.48,130,no,39b85326-c66e-555c-f23f-098c013d277b
KXNBASPREAD-25NOV05PHICLE-CLE10,2025-11-05T18:51:52.491429Z,0.48,11,no,6ffa9ccd-1546-45cc-5cd0-2acb4e360457
KXNBASPREAD-25NOV05PHICLE-CLE10,2025-11-05T18:51:24.595167Z,0.48,669,no,8292376e-80ea-6c20-fb8f-2468c82fcc0b
KXNBASPREAD-25NOV05PHICLE-CLE10,2025-11-05T18:40:30.95632Z,0.49,18,no,99b1a360-573e-4424-7afb-0ae7ebdb11ca
KXNBASPREAD-25NOV05PHICLE-CLE10,2025-11-05T18:38:04.855813Z,0.49,40,no,4bc41de1-e52a-684c-376a-1b3d01a59ff6
KXNBASPREAD-25NOV05PHICLE-CLE10,2025-11-05T18:32:33.094725Z,0.49,47,no,bf8426e6-74e2-6e08-e356-71689181d8be
KXNBASPREAD-25NOV05PHICLE-CLE10,2025-11-05T18:31:37.820818Z,0.48,74,no,80ef18ca-9d8e-481b-4e9e-48f3467763de
KXNBASPREAD-25NOV05PHICLE-CLE10,2025-11-05T18:31:37.820818Z,0.48,20,no,2e27851e-5d1f-4674-6c61-3a49535c26a0
KXNBASPREAD-25NOV05PHICLE-CLE10,2025-11-05T18:30:45.275247Z,0.5,3502,yes,d153b6a9-23fa-5890-3389-527a40da0e17
KXNBASPREAD-25NOV05PHICLE-CLE10,2025-11-05T18:30:45.275247Z,0.49,3535,yes,c8e8a150-d7a7-5084-1b43-6ad95317c9fc
KXNBASPREAD-25NOV05PHICLE-CLE10,2025-11-05T18:30:45.275247Z,0.5,3305,yes,9882d2c7-c328-5f8e-1741-e57d98f69387
KXNBASPREAD-25NOV05PHICLE-CLE10,2025-11-05T18:30:45.275247Z,0.48,20,yes,6c609c9f-d96a-5bc5-033a-c8687ff2486f
KXNBASPREAD-25NOV05PHICLE-CLE10,2025-11-05T18:30:45.275247Z,0.5,2000,yes,14ce653c-d13d-5273-3dcf-00a693d1c4f5
KXNBASPREAD-25NOV05PHICLE-CLE10,2025-11-05T18:30:45.275247Z,0.48,813,yes,0ecc5129-508d-5c9e-11df-2fad2f7ac858
KXNBASPREAD-25NOV05PHICLE-CLE10,2025-11-05T18:23:42.748608Z,0.48,2,yes,ab245a81-c9fd-62b2-2345-ac8df43f7c88
KXNBASPREAD-25NOV05PHICLE-CLE10,2025-11-05T18:21:12.780347Z,0.47,4,no,62ad3483-9323-4a64-5954-a8c6c6385082
KXNBASPREAD-25NOV05PHICLE-CLE10,2025-11-05T18:19:36.564398Z,0.47,10,no,249adf88-a2ab-7c04-5688-30e2fbc79da6
KXNBASPREAD-25NOV05PHICLE-CLE10,2025-11-05T18:18:59.36321Z,0.47,109,no,cefcdaaa-bf58-4d44-7abb-d907bdf0d903
KXNBASPREAD-25NOV05PHICLE-CLE10,2025-11-05T18:08:30.918466Z,0.47,4,no,f16626f4-0d34-6ae4-e504-aafe2d2936c7
KXNBASPREAD-25NOV05PHICLE-CLE10,2025-11-05T18:06:11.051055Z,0.47,2,no,5a685d7c-fc68-482c-48e4-8b423604dd67
KXNBASPREAD-25NOV05PHICLE-CLE10,2025-11-05T17:56:55.629902Z,0.47,3,no,27b31f07-f012-58dc-e2a8-0f45583b09af
KXNBASPREAD-25NOV05PHICLE-CLE10,2025-11-05T17:43:46.557689Z,0.47,1,no,802cea92-fcb2-5c38-be28-0f13fc75bf3b
KXNBASPREAD-25NOV05PHICLE-CLE10,2025-11-05T17:29:25.482609Z,0.48,10,yes,d0f3d209-85b1-7036-415c-809a6292de54
KXNBASPREAD-25NOV05PHICLE-CLE10,2025-11-05T17:29:04.791243Z,0.47,18,no,f72e629d-cde6-5f10-3860-a3ebc3d59907
KXNBASPREAD-25NOV05PHICLE-CLE10,2025-11-05T17:26:47.156707Z,0.47,18,no,731337fc-c8e6-7cc3-bb9e-adb7676d6c11
KXNBASPREAD-25NOV05PHICLE-CLE10,2025-11-05T17:14:05.064104Z,0.48,120,yes,11c57af9-2a25-7ce2-649f-10b41daa9c84
KXNBASPREAD-25NOV05PHICLE-CLE10,2025-11-05T16:47:45.156613Z,0.47,30,no,afbe5fc6-8342-74f3-3e5c-4be3253939ed
KXNBASPREAD-25NOV05PHICLE-CLE10,2025-11-05T16:44:50.020435Z,0.47,20,no,5b7beb25-09b6-7bcd-76ce-d3eb950e0a59
KXNBASPREAD-25NOV05PHICLE-CLE10,2025-11-05T16:44:50.020435Z,0.47,20,no,56f48a7b-b702-7493-7438-b0ae76eb8315
KXNBASPREAD-25NOV05PHICLE-CLE10,2025-11-05T16:42:41.938959Z,0.47,366,no,0302a71a-f146-5759-3e05-2817c77c515c
KXNBASPREAD-25NOV05PHICLE-CLE10,2025-11-05T16:37:43.652983Z,0.47,18,no,63588b1a-eb21-683b-7245-7642e97a8c42
KXNBASPREAD-25NOV05PHICLE-CLE10,2025-11-05T16:30:12.381693Z,0.48,30,yes,f337552d-efad-6f6a-e26f-a39cd775021c
KXNBASPREAD-25NOV05PHICLE-CLE10,2025-11-05T16:28:40.186202Z,0.47,45,no,15ced32e-9ec9-673b-0082-a51bf7e45b3e
KXNBASPREAD-25NOV05PHICLE-CLE10,2025-11-05T16:22:18.176879Z,0.47,36,no,9eeb03d9-f87d-4e97-d279-7eed1912a6c6
KXNBASPREAD-25NOV05PHICLE-CLE10,2025-11-05T16:07:38.519215Z,0.48,20,yes,7a56ecf4-ca4d-6f62-3258-60f5dd5aaa5c
KXNBASPREAD-25NOV05PHICLE-CLE10,2025-11-05T15:53:53.64647Z,0.47,18,no,9b1cc63f-ad61-622b-9dbe-dbad36689746
KXNBASPREAD-25NOV05PHICLE-CLE10,2025-11-05T15:05:08.993501Z,0.48,20,yes,f08999b5-758f-6e72-5649-aa05a7fcd621
KXNBASPREAD-25NOV05PHICLE-CLE10,2025-11-05T15:00:09.380118Z,0.46,45,no,848e8dbf-79a6-6cbb-1fa4-994a4146ecbe
KXNBASPREAD-25NOV05PHICLE-CLE10,2025-11-05T14:41:48.945743Z,0.47,27,no,73c61b35-1285-57e2-f5c3-e45c47c2ce84
KXNBASPREAD-25NOV05PHICLE-CLE10,2025-11-05T14:23:55.280173Z,0.45,1,no,420a5921-b1c7-75a7-5791-1618f61615ee
KXNBASPREAD-25NOV05PHICLE-CLE10,2025-11-05T14:09:18.229897Z,0.45,132,no,4e889e5a-f743-6e07-4be3-c2d95d451ec2
KXNBASPREAD-25NOV05PHICLE-CLE10,2025-11-05T14:01:50.185428Z,0.45,1,no,60d0062a-1667-6eff-deab-d9612cc6db6a
KXNBASPREAD-25NOV05PHICLE-CLE10,2025-11-05T13:36:41.996246Z,0.45,17,no,5d3ace83-f9d1-6111-2493-d30b2d221475
KXNBASPREAD-25NOV05PHICLE-CLE10,2025-11-05T13:34:10.848595Z,0.46,20,no,f214064d-2805-6119-a386-7899e7b97381
KXNBASPREAD-25NOV05PHICLE-CLE10,2025-11-05T12:56:29.155769Z,0.48,201,yes,a84d7dc2-5a89-5b01-15a6-2e2c5184e612
KXNBASPREAD-25NOV05PHICLE-CLE10,2025-11-05T12:55:12.637425Z,0.46,8,no,e509ee91-45a1-5b13-2881-079027ff1088
KXNBASPREAD-25NOV05PHICLE-CLE10,2025-11-05T12:54:58.520852Z,0.46,1,no,d7015126-e5f1-5e97-6378-c0fa5a306b68
KXNBASPREAD-25NOV05PHICLE-CLE10,2025-11-05T12:52:18.326963Z,0.46,358,no,ba138411-e9d5-4903-eb68-4362ce841a14
KXNBASPREAD-25NOV05PHICLE-CLE10,2025-11-05T12:14:03.660307Z,0.46,35,no,1abddaa1-dd7f-5eb2-219c-79606287046f
KXNBASPREAD-25NOV05PHICLE-CLE10,2025-11-05T12:06:26.126954Z,0.46,179,no,93998d25-b6ef-554e-6455-23bcc797c4cb
KXNBASPREAD-25NOV05PHICLE-CLE10,2025-11-05T12:06:15.76492Z,0.48,87,yes,a3b69642-07e2-65f1-d335-8ccd12d3b9bc
KXNBASPREAD-25NOV05PHICLE-CLE10,2025-11-05T12:06:15.76492Z,0.49,308,yes,34da6dbd-c2a5-6804-ffa1-3c599bcc281d
KXNBASPREAD-25NOV05PHICLE-CLE10,2025-11-05T11:58:57.115685Z,0.46,30,no,244a519e-18fb-610e-2cda-b63150f45f63
KXNBASPREAD-25NOV05PHICLE-CLE10,2025-11-05T10:51:06.555295Z,0.48,100,yes,4ae23a34-d85e-601b-6b65-2234e4371657
KXNBASPREAD-25NOV05PHICLE-CLE10,2025-11-05T10:02:07.68011Z,0.45,75,no,cfc9ca3b-2218-51ee-c872-b54b78433d27
KXNBASPREAD-25NOV05PHICLE-CLE10,2025-11-05T08:48:36.020126Z,0.45,528,no,87acd136-0340-5a32-b316-2e2f78fb494f
KXNBASPREAD-25NOV05PHICLE-CLE10,2025-11-05T08:42:50.598556Z,0.45,47,no,07e3afb7-d794-68ea-f3f7-50c54f3d0dd3
KXNBASPREAD-25NOV05PHICLE-CLE10,2025-11-05T07:49:09.624011Z,0.45,8,no,c05f1c8f-57a8-634d-6ae4-8367ca2f3d4a
KXNBASPREAD-25NOV05PHICLE-CLE10,2025-11-05T07:45:11.104658Z,0.44,692,no,35f6f6fe-cac7-5956-065c-5566d1b3a950
KXNBASPREAD-25NOV05PHICLE-CLE10,2025-11-05T07:17:22.935854Z,0.44,17,no,96456f6d-fa74-6758-19d0-4e68ad31c45b
KXNBASPREAD-25NOV05PHICLE-CLE10,2025-11-05T06:54:08.431877Z,0.46,6,no,bddbd625-1d6d-4d4b-ad3c-f61d29b50533
KXNBASPREAD-25NOV05PHICLE-CLE10,2025-11-05T06:37:24.957609Z,0.46,35,no,f59112a6-587b-7c5b-94c8-56da7cc0c221
KXNBASPREAD-25NOV05PHICLE-CLE10,2025-11-05T06:16:17.375867Z,0.47,161,no,a2f16e0f-2839-79ce-1492-cdaebc6b020b
KXNBASPREAD-25NOV05PHICLE-CLE10,2025-11-05T06:11:47.646267Z,0.47,83,no,41b4e181-570d-6d36-78dd-ea6a181bd9eb
KXNBASPREAD-25NOV05PHICLE-CLE10,2025-11-05T06:08:02.852894Z,0.47,146,no,8872d3ed-e629-63b2-ed4a-cfd7afc7e87b
KXNBASPREAD-25NOV05PHICLE-CLE10,2025-11-05T05:59:10.021991Z,0.48,466,no,e75a92c0-affb-46bb-d9e6-26fc0bb2b011
