ticker,created_time,price,count,taker_side,trade_id
KXNCAAFSPREAD-25NOV08TXAMMIZZ-TXAM20,2025-11-09T00:05:12.952917Z,0.99,61,no,100fee3b-f340-5b2c-0d11-9f0261486676
KXNCAAFSPREAD-25NOV08TXAMMIZZ-TXAM20,2025-11-09T00:02:29.599602Z,0.99,248,yes,f1d10766-8605-6ff5-4366-c840e2c818cc
KXNCAAFSPREAD-25NOV08TXAMMIZZ-TXAM20,2025-11-09T00:02:29.599602Z,0.98,40,yes,0917335e-4ae2-6e1f-4680-7f8c8d4826ec
KXNCAAFSPREAD-25NOV08TXAMMIZZ-TXAM20,2025-11-08T23:57:59.570744Z,0.99,23,yes,ac9e7b1a-6509-7b55-f2a6-73c7165596e4
KXNCAAFSPREAD-25NOV08TXAMMIZZ-TXAM20,2025-11-08T23:55:30.173594Z,0.99,29,yes,6cd914c4-d6c5-61f1-84f4-7cbcfd9d2f48
KXNCAAFSPREAD-25NOV08TXAMMIZZ-TXAM20,2025-11-08T23:55:30.173594Z,0.98,53,yes,5889d87b-487a-632b-aa75-8f6cd4bba01e
KXNCAAFSPREAD-25NOV08TXAMMIZZ-TXAM20,2025-11-08T23:55:05.501886Z,0.97,69,no,76e456bb-ddbe-44e1-3717-b6fd890c20ae
KXNCAAFSPREAD-25NOV08TXAMMIZZ-TXAM20,2025-11-08T23:55:05.39396Z,0.97,220,no,997cffa3-b74a-7e09-ffda-07d7e54dcc82
KXNCAAFSPREAD-25NOV08TXAMMIZZ-TXAM20,2025-11-08T23:55:04.167959Z,0.97,11,no,a9da97e0-079a-7fc5-a693-fd96f34da442
KXNCAAFSPREAD-25NOV08TXAMMIZZ-TXAM20,2025-11-08T23:55:04.141497Z,0.97,300,yes,6fdba0f6-e8f7-7b27-f7e5-ddc92c946f20
KXNCAAFSPREAD-25NOV08TXAMMIZZ-TXAM20,2025-11-08T23:46:00.766158Z,0.19,21,no,7e47f142-2b01-7a34-f44b-15118ca3b1b2
KXNCAAFSPREAD-25NOV08TXAMMIZZ-TXAM20,2025-11-08T23:30:19.216596Z,0.32,146,yes,51117575-0db3-7925-5383-769da086df65
KXNCAAFSPREAD-25NOV08TXAMMIZZ-TXAM20,2025-11-08T23:26:28.820534Z,0.25,18,no,4a4fba91-d18e-5343-bf32-4f55d9feeb19
KXNCAAFSPREAD-25NOV08TXAMMIZZ-TXAM20,2025-11-08T23:20:17.84533Z,0.35,151,no,25c34b23-f4f8-7745-7568-3a5c521f1de1
KXNCAAFSPREAD-25NOV08TXAMMIZZ-TXAM20,2025-11-08T23:20:17.169136Z,0.34,151,no,557a4291-4c2c-48e4-585e-faef0ee3a229
KXNCAAFSPREAD-25NOV08TXAMMIZZ-TXAM20,2025-11-08T23:20:00.835292Z,0.42,2,yes,07b34914-9668-4295-e3b6-d079ce2d19a5
KXNCAAFSPREAD-25NOV08TXAMMIZZ-TXAM20,2025-11-08T23:18:05.188308Z,0.46,997,no,d9228a6e-b457-652f-0a49-28a2249c490e
KXNCAAFSPREAD-25NOV08TXAMMIZZ-TXAM20,2025-11-08T23:18:05.188308Z,0.46,3,no,78b75524-6f38-6ed6-32ea-861b56b5e195
KXNCAAFSPREAD-25NOV08TXAMMIZZ-TXAM20,2025-11-08T23:15:00.972458Z,0.55,17,yes,276a3241-bff3-6125-8af1-2b7d161d4465
KXNCAAFSPREAD-25NOV08TXAMMIZZ-TXAM20,2025-11-08T23:14:57.446665Z,0.55,4,yes,50a18237-bbff-44b1-077d-660f237c4251
KXNCAAFSPREAD-25NOV08TXAMMIZZ-TXAM20,2025-11-08T23:14:56.677091Z,0.46,3,no,23bd4b56-3163-42af-45f7-703e78a61e72
KXNCAAFSPREAD-25NOV08TXAMMIZZ-TXAM20,2025-11-08T23:14:14.953052Z,0.55,34,yes,8c53138a-72cf-4635-d14c-c8ec038eddc9
KXNCAAFSPREAD-25NOV08TXAMMIZZ-TXAM20,2025-11-08T23:13:34.1393Z,0.48,1000,yes,1b5fe60c-9108-541b-34ce-0ac3584a23d6
KXNCAAFSPREAD-25NOV08TXAMMIZZ-TXAM20,2025-11-08T23:13:04.94242Z,0.51,18,yes,0472a319-ece5-7953-7e9a-03003d634dd8
KXNCAAFSPREAD-25NOV08TXAMMIZZ-TXAM20,2025-11-08T23:12:03.718928Z,0.51,9,yes,3fe10e27-d788-6657-6383-5db8161ecf4c
KXNCAAFSPREAD-25NOV08TXAMMIZZ-TXAM20,2025-11-08T23:06:50.464094Z,0.4,71,yes,0fcf8835-2e19-6820-a9ab-c16951a66336
KXNCAAFSPREAD-25NOV08TXAMMIZZ-TXAM20,2025-11-08T23:03:22.331082Z,0.46,28,no,a5676e0c-d290-5108-fdbe-d761be39f2fa
KXNCAAFSPREAD-25NOV08TXAMMIZZ-TXAM20,2025-11-08T23:03:17.636777Z,0.55,7,yes,e73cfb81-2a36-73cc-f96a-ee74fd9b261f
KXNCAAFSPREAD-25NOV08TXAMMIZZ-TXAM20,2025-11-08T23:03:02.503024Z,0.46,82,no,f83d363a-1b58-7af8-f7d3-22a87cc4668e
KXNCAAFSPREAD-25NOV08TXAMMIZZ-TXAM20,2025-11-08T22:59:37.810997Z,0.47,102,yes,c179a7a3-8390-43d9-737f-6ba066cede85
KXNCAAFSPREAD-25NOV08TXAMMIZZ-TXAM20,2025-11-08T22:54:14.934858Z,0.59,195,no,afa82ac1-91f9-63fc-99d4-86c4d752f813
KXNCAAFSPREAD-25NOV08TXAMMIZZ-TXAM20,2025-11-08T22:54:14.934858Z,0.6,1000,no,6f138d68-8ac7-6c50-9b8a-7ecb95777332
KXNCAAFSPREAD-25NOV08TXAMMIZZ-TXAM20,2025-11-08T22:54:03.876451Z,0.86,49,yes,b76d86f4-edd2-6c90-a0d7-4f6dc7700864
KXNCAAFSPREAD-25NOV08TXAMMIZZ-TXAM20,2025-11-08T22:54:03.876451Z,0.8,10,yes,a2e8e856-0af0-6b33-80e5-6ca09ef21df1
KXNCAAFSPREAD-25NOV08TXAMMIZZ-TXAM20,2025-11-08T22:54:03.876451Z,0.84,34,yes,88825dfa-15b9-644e-b349-3365e44e2aa4
KXNCAAFSPREAD-25NOV08TXAMMIZZ-TXAM20,2025-11-08T22:53:55.418739Z,0.61,9,yes,fc12f5ec-a051-44a8-f949-84a82f119e57
KXNCAAFSPREAD-25NOV08TXAMMIZZ-TXAM20,2025-11-08T22:53:35.711397Z,0.47,61,yes,8d402589-fc8a-698f-85eb-12d92533eb1a
KXNCAAFSPREAD-25NOV08TXAMMIZZ-TXAM20,2025-11-08T22:50:02.554992Z,0.52,6,no,c5033e49-eb5b-41a4-c176-910fb520e642
KXNCAAFSPREAD-25NOV08TXAMMIZZ-TXAM20,2025-11-08T22:49:41.116784Z,0.43,351,no,b0ddc475-6e43-7730-c52f-c628b6017c76
KXNCAAFSPREAD-25NOV08TXAMMIZZ-TXAM20,2025-11-08T22:49:41.116784Z,0.5,12,no,aa584217-3577-7438-e626-755816f7448d
KXNCAAFSPREAD-25NOV08TXAMMIZZ-TXAM20,2025-11-08T22:49:41.116784Z,0.53,1000,no,158d91c0-d470-7fe6-f6f4-4d0362d9c293
KXNCAAFSPREAD-25NOV08TXAMMIZZ-TXAM20,2025-11-08T22:49:29.8621Z,0.51,9,no,7ca440cc-bc6d-4e0b-b139-bf948158b28b
KXNCAAFSPREAD-25NOV08TXAMMIZZ-TXAM20,2025-11-08T22:47:58.905899Z,0.52,7,no,b780be65-5109-6cbf-7b89-039cd03b9a04
KXNCAAFSPREAD-25NOV08TXAMMIZZ-TXAM20,2025-11-08T22:47:53.71264Z,0.52,41,no,a7e8718f-10c1-4c77-d715-53714273bc6c
KXNCAAFSPREAD-25NOV08TXAMMIZZ-TXAM20,2025-11-08T22:47:53.71264Z,0.56,10,no,7940281e-06a2-4501-c33a-1956e098d1d6
KXNCAAFSPREAD-25NOV08TXAMMIZZ-TXAM20,2025-11-08T22:46:47.545185Z,0.64,8,yes,8359769c-dfb1-678f-e32c-c09d3f86cccc
KXNCAAFSPREAD-25NOV08TXAMMIZZ-TXAM20,2025-11-08T22:46:06.806684Z,0.69,231,yes,f777ae1e-2c6a-71ed-158f-650bffce936a
KXNCAAFSPREAD-25NOV08TXAMMIZZ-TXAM20,2025-11-08T22:44:58.003952Z,0.6,4,no,3954056c-11ee-6805-fb26-35d2cfc068fc
KXNCAAFSPREAD-25NOV08TXAMMIZZ-TXAM20,2025-11-08T22:43:40.449282Z,0.11,3,no,ce1cd7ae-caa7-6164-9ed6-a76929e0188e
KXNCAAFSPREAD-25NOV08TXAMMIZZ-TXAM20,2025-11-08T22:43:40.449282Z,0.26,10,no,2bb60113-eac5-62d5-bc3b-ceb73f8e091c
KXNCAAFSPREAD-25NOV08TXAMMIZZ-TXAM20,2025-11-08T22:43:40.449282Z,0.55,10,no,181ff575-f60d-6bf5-88f0-4d76c4346681
KXNCAAFSPREAD-25NOV08TXAMMIZZ-TXAM20,2025-11-08T22:41:02.573908Z,0.77,2,yes,e98dd0a3-ccaa-4f3b-be0d-b067d3bfd005
KXNCAAFSPREAD-25NOV08TXAMMIZZ-TXAM20,2025-11-08T22:41:02.573908Z,0.68,12,yes,b213fe20-ad45-4383-b9bd-f6a050335e46
KXNCAAFSPREAD-25NOV08TXAMMIZZ-TXAM20,2025-11-08T22:41:02.573908Z,0.48,80,yes,09623961-f2d3-4766-a09e-15f4fa6189ca
KXNCAAFSPREAD-25NOV08TXAMMIZZ-TXAM20,2025-11-08T22:40:09.073076Z,0.48,10,yes,5513c374-843f-7392-b089-929ea8bc34d6
KXNCAAFSPREAD-25NOV08TXAMMIZZ-TXAM20,2025-11-08T22:39:50.857695Z,0.48,10,yes,e77fab5a-e1d7-4a5a-0d41-5ca597f60386
KXNCAAFSPREAD-25NOV08TXAMMIZZ-TXAM20,2025-11-08T22:36:03.755219Z,0.43,222,yes,d9529c73-53b5-635a-3b9e-0bb16f75a3af
KXNCAAFSPREAD-25NOV08TXAMMIZZ-TXAM20,2025-11-08T22:30:52.843066Z,0.44,22,yes,f4a46dfd-d448-7a10-897f-7b4f94acaed5
KXNCAAFSPREAD-25NOV08TXAMMIZZ-TXAM20,2025-11-08T22:23:49.935748Z,0.44,43,yes,f8343a9a-4f7c-7708-a675-e885813c0091
KXNCAAFSPREAD-25NOV08TXAMMIZZ-TXAM20,2025-11-08T22:21:15.614154Z,0.44,8,yes,def6df1e-25a8-7410-32b0-cfd24ce83325
KXNCAAFSPREAD-25NOV08TXAMMIZZ-TXAM20,2025-11-08T22:11:02.192604Z,0.35,10,yes,da8f784e-c3e9-7061-a81e-c497fd683345
KXNCAAFSPREAD-25NOV08TXAMMIZZ-TXAM20,2025-11-08T22:11:02.192604Z,0.37,117,yes,474f3402-e0e3-7824-817c-3fc95bb520c9
KXNCAAFSPREAD-25NOV08TXAMMIZZ-TXAM20,2025-11-08T21:05:37.487724Z,0.15,1000,no,d870b049-37be-798a-587e-03d6490a5e7a
KXNCAAFSPREAD-25NOV08TXAMMIZZ-TXAM20,2025-11-08T21:04:41.59845Z,0.15,1000,no,d619472b-81ee-7625-5ba7-4621357eb4dc
KXNCAAFSPREAD-25NOV08TXAMMIZZ-TXAM20,2025-11-08T21:04:23.925249Z,0.15,17,no,200fd06c-266c-441f-dd2d-b713da8756fb
KXNCAAFSPREAD-25NOV08TXAMMIZZ-TXAM20,2025-11-08T21:02:59.05752Z,0.16,5,no,73dc3f99-8a7e-6c05-aef1-45b6781f75d5
KXNCAAFSPREAD-25NOV08TXAMMIZZ-TXAM20,2025-11-08T20:54:15.569604Z,0.16,230,no,88588aad-59f6-5449-a258-fce078230bb9
KXNCAAFSPREAD-25NOV08TXAMMIZZ-TXAM20,2025-11-08T20:54:05.871371Z,0.16,1765,no,975062eb-abc2-4aa5-d82a-6f5c5f3c4e09
KXNCAAFSPREAD-25NOV08TXAMMIZZ-TXAM20,2025-11-08T20:52:28.916653Z,0.19,1000,no,42c26d95-777e-5a11-72f1-6d7e9faf5134
KXNCAAFSPREAD-25NOV08TXAMMIZZ-TXAM20,2025-11-08T20:52:20.29475Z,0.2,961,no,7d4237b0-dd6b-688d-0ffd-20a85ba9af1d
KXNCAAFSPREAD-25NOV08TXAMMIZZ-TXAM20,2025-11-08T20:52:08.203604Z,0.22,16,no,841e6f16-5f32-449c-8789-6b00730ed8bd
KXNCAAFSPREAD-25NOV08TXAMMIZZ-TXAM20,2025-11-08T20:52:08.203604Z,0.22,968,no,3f124f78-bf72-4c4a-9ad5-38bd5325e3ab
KXNCAAFSPREAD-25NOV08TXAMMIZZ-TXAM20,2025-11-08T20:52:01.447748Z,0.22,984,no,1083ea65-cf6e-48b8-b8c5-e461a4cf4ac5
KXNCAAFSPREAD-25NOV08TXAMMIZZ-TXAM20,2025-11-08T19:40:11.578125Z,0.22,25,yes,281b31f5-daf5-52ed-9f2f-5c51ce9592b5
KXNCAAFSPREAD-25NOV08TXAMMIZZ-TXAM20,2025-11-08T19:10:17.944041Z,0.22,21,yes,6be3f6f9-fce1-4f55-92c4-c8a6c5b1bd55
KXNCAAFSPREAD-25NOV08TXAMMIZZ-TXAM20,2025-11-08T19:00:48.822951Z,0.22,159,yes,9167bcf4-257d-463d-b864-3cec45313889
KXNCAAFSPREAD-25NOV08TXAMMIZZ-TXAM20,2025-11-08T14:50:52.126615Z,0.21,45,yes,3fd6ab79-2686-4536-034d-bc41be4a7a64
KXNCAAFSPREAD-25NOV08TXAMMIZZ-TXAM20,2025-11-07T22:54:30.26627Z,0.07,10,no,b240e71b-ffbe-7f64-bcdc-282ca11788f4
