ticker,created_time,price,count,taker_side,trade_id
KXNCAAFSPREAD-25NOV08OREIOWA-ORE3,2025-11-09T00:01:48.262725Z,0.01,40,yes,0e9a5558-1235-6252-1688-234191d23de0
KXNCAAFSPREAD-25NOV08OREIOWA-ORE3,2025-11-09T00:00:59.177805Z,0.01,325,yes,8266fe1a-5559-6e06-9ead-c82009941398
KXNCAAFSPREAD-25NOV08OREIOWA-ORE3,2025-11-09T00:00:07.010215Z,0.01,155,yes,88bfa3fd-f8a5-76e6-7d7a-a679c4a9eabc
KXNCAAFSPREAD-25NOV08OREIOWA-ORE3,2025-11-08T23:59:13.215848Z,0.01,52,yes,9a7211c5-bd15-701e-8182-96f54f09f7c4
KXNCAAFSPREAD-25NOV08OREIOWA-ORE3,2025-11-08T23:57:50.746301Z,0.01,10,yes,6c736414-6eb9-4456-99d5-1beb4f644be0
KXNCAAFSPREAD-25NOV08OREIOWA-ORE3,2025-11-08T23:57:25.557469Z,0.01,1202,yes,76934229-b7bd-43f2-1499-5114947f1964
KXNCAAFSPREAD-25NOV08OREIOWA-ORE3,2025-11-08T23:57:25.557469Z,0.01,1063,yes,26416497-5543-4ad1-245f-5e470e3dadbb
KXNCAAFSPREAD-25NOV08OREIOWA-ORE3,2025-11-08T23:57:05.898814Z,0.01,300,no,e17eaa93-2d07-64a7-a113-5f9dc0355f5d
KXNCAAFSPREAD-25NOV08OREIOWA-ORE3,2025-11-08T23:57:05.898814Z,0.02,192,no,c0e9324a-c3e4-6ec6-b6f4-abf48d62c55f
KXNCAAFSPREAD-25NOV08OREIOWA-ORE3,2025-11-08T23:57:05.354814Z,0.02,8,no,6bacd014-7148-4d9e-4eaf-75646e808c23
KXNCAAFSPREAD-25NOV08OREIOWA-ORE3,2025-11-08T23:57:05.354814Z,0.03,56,no,0f8ee67f-a734-4173-45d2-f627f5918c6b
KXNCAAFSPREAD-25NOV08OREIOWA-ORE3,2025-11-08T23:56:50.098512Z,0.03,44,no,45c889c7-4bc0-7b53-5c05-e48ed9ca38ab
KXNCAAFSPREAD-25NOV08OREIOWA-ORE3,2025-11-08T23:54:41.608492Z,0.06,3,no,e1b425ab-636e-422c-70af-30ebc1b5f466
KXNCAAFSPREAD-25NOV08OREIOWA-ORE3,2025-11-08T23:54:19.769328Z,0.53,4,yes,ee279204-1bb5-6915-3252-7b496194e118
KXNCAAFSPREAD-25NOV08OREIOWA-ORE3,2025-11-08T23:54:19.769328Z,0.55,4,yes,1f5055c3-8317-61f2-2228-466b3fca12a5
KXNCAAFSPREAD-25NOV08OREIOWA-ORE3,2025-11-08T23:54:12.860958Z,0.06,29,no,e2918d09-d5be-4104-95d4-a0437254ed66
KXNCAAFSPREAD-25NOV08OREIOWA-ORE3,2025-11-08T23:53:02.072622Z,0.06,68,no,d24fd9d4-54b2-65e0-3232-72ccce2b0de6
KXNCAAFSPREAD-25NOV08OREIOWA-ORE3,2025-11-08T23:49:56.663126Z,0.07,100,no,b15f2b37-3795-6d37-4db1-f62c1ad792ff
KXNCAAFSPREAD-25NOV08OREIOWA-ORE3,2025-11-08T23:49:56.663126Z,0.07,100,no,640e4554-ed0b-618e-6674-aba58f55ba5f
KXNCAAFSPREAD-25NOV08OREIOWA-ORE3,2025-11-08T23:49:50.630752Z,0.09,3,no,ce1d62d9-5235-57a3-93fe-d01ef744350a
KXNCAAFSPREAD-25NOV08OREIOWA-ORE3,2025-11-08T23:49:50.514179Z,0.08,7,no,6f6a38ea-fab4-614e-c2ed-14cb86692e15
KXNCAAFSPREAD-25NOV08OREIOWA-ORE3,2025-11-08T23:33:12.350999Z,0.5,110,no,201fab06-4b1b-68cb-de93-ee06216fd257
KXNCAAFSPREAD-25NOV08OREIOWA-ORE3,2025-11-08T23:32:30.612541Z,0.67,467,yes,a68ee10c-ff9b-63ae-f4c2-b9a546567bcf
KXNCAAFSPREAD-25NOV08OREIOWA-ORE3,2025-11-08T23:25:16.339682Z,0.89,44,yes,7ad89fc3-c3c9-5b4a-5ee8-c7119eae82d7
KXNCAAFSPREAD-25NOV08OREIOWA-ORE3,2025-11-08T22:57:45.269135Z,0.73,1,yes,9621ddca-e814-75de-5429-2199210c1125
KXNCAAFSPREAD-25NOV08OREIOWA-ORE3,2025-11-08T22:57:12.51797Z,0.73,16,yes,2aadbe51-d410-4ace-91e9-128e54e327c9
KXNCAAFSPREAD-25NOV08OREIOWA-ORE3,2025-11-08T22:56:14.568258Z,0.31,52,no,db16f5de-eec6-6aa1-85a2-72cabc7c877e
KXNCAAFSPREAD-25NOV08OREIOWA-ORE3,2025-11-08T22:56:14.568258Z,0.35,5,no,c508cef1-988f-65e1-947a-f63ef3986c28
KXNCAAFSPREAD-25NOV08OREIOWA-ORE3,2025-11-08T22:56:14.568258Z,0.34,8,no,aa6cc81d-f2f6-67e5-a6a2-3b6926abe61b
KXNCAAFSPREAD-25NOV08OREIOWA-ORE3,2025-11-08T22:55:51.694244Z,0.73,6,yes,bc85c18b-5d74-6d82-104d-b803bd11ea2d
KXNCAAFSPREAD-25NOV08OREIOWA-ORE3,2025-11-08T22:54:26.17092Z,0.71,6,yes,d522a0d4-6286-712f-24b9-288c5643a5f9
KXNCAAFSPREAD-25NOV08OREIOWA-ORE3,2025-11-08T22:51:09.68771Z,0.71,4,yes,4b83b8b8-af7e-4113-5eb1-f407ab6a5f4d
KXNCAAFSPREAD-25NOV08OREIOWA-ORE3,2025-11-08T22:45:38.492785Z,0.31,5,no,1ade233b-10ab-7e41-8c67-7b0d4aa88c24
KXNCAAFSPREAD-25NOV08OREIOWA-ORE3,2025-11-08T22:42:25.375341Z,0.72,14,yes,4401aac6-c99c-55dc-aff6-a7d8504dbb92
KXNCAAFSPREAD-25NOV08OREIOWA-ORE3,2025-11-08T22:42:14.450311Z,0.33,14,no,f2bbfaec-20f1-7062-a031-a9cac7107f56
KXNCAAFSPREAD-25NOV08OREIOWA-ORE3,2025-11-08T22:30:26.15516Z,0.68,200,no,8b04a610-6b22-5c83-4e87-27d07cbf97c2
KXNCAAFSPREAD-25NOV08OREIOWA-ORE3,2025-11-08T22:21:17.496189Z,0.68,100,no,2d16ceae-8d3e-4ab3-b5fa-5b41a8dc53be
KXNCAAFSPREAD-25NOV08OREIOWA-ORE3,2025-11-08T22:14:26.439926Z,0.69,25,yes,c910f39d-c84d-57e9-cc88-b2f2361c709d
KXNCAAFSPREAD-25NOV08OREIOWA-ORE3,2025-11-08T22:00:19.364649Z,0.82,1,yes,9eec05ee-2d8e-5744-77d8-66bd9a2bd0f3
KXNCAAFSPREAD-25NOV08OREIOWA-ORE3,2025-11-08T21:45:18.470973Z,0.49,15,no,6c9b5b29-5ab1-4728-f3ce-ee1173cca011
KXNCAAFSPREAD-25NOV08OREIOWA-ORE3,2025-11-08T21:45:18.470973Z,0.51,4,no,28555264-6053-4b6c-d858-2bb2b3d1530a
KXNCAAFSPREAD-25NOV08OREIOWA-ORE3,2025-11-08T21:27:45.937563Z,0.58,75,yes,116880bc-b303-6da2-4f16-0f9920f38457
KXNCAAFSPREAD-25NOV08OREIOWA-ORE3,2025-11-08T21:23:45.703204Z,0.59,58,no,209d6c52-6974-48c1-5c5d-8c8b705ab414
KXNCAAFSPREAD-25NOV08OREIOWA-ORE3,2025-11-08T21:06:39.870653Z,0.75,15,yes,e0ea0173-1de8-4cdf-574e-a56e2cd562e4
KXNCAAFSPREAD-25NOV08OREIOWA-ORE3,2025-11-08T21:06:39.870653Z,0.87,10,yes,d743cb36-9217-438d-6ca8-2dc93df3d8cb
KXNCAAFSPREAD-25NOV08OREIOWA-ORE3,2025-11-08T21:06:39.870653Z,0.8,10,yes,beadcc38-2f4d-436e-54f1-43b0e05c0cca
KXNCAAFSPREAD-25NOV08OREIOWA-ORE3,2025-11-08T21:06:39.870653Z,0.9,18,yes,08c91047-7b72-4d4c-572c-eb41bee20f14
KXNCAAFSPREAD-25NOV08OREIOWA-ORE3,2025-11-08T20:54:15.895015Z,0.74,2,yes,cee7ba5f-c18a-5e85-8f03-0976f99ee26b
KXNCAAFSPREAD-25NOV08OREIOWA-ORE3,2025-11-08T20:52:49.673352Z,0.74,13,yes,1d56f520-66a6-54dd-eab6-f55e9dab1f8b
KXNCAAFSPREAD-25NOV08OREIOWA-ORE3,2025-11-08T20:52:27.583634Z,0.23,2,no,b3ea71ce-b711-678f-152f-826dd936e6e2
KXNCAAFSPREAD-25NOV08OREIOWA-ORE3,2025-11-08T20:40:58.315357Z,0.73,13,yes,945abd99-78f1-59ab-f048-1b08e4624c2e
KXNCAAFSPREAD-25NOV08OREIOWA-ORE3,2025-11-08T20:40:35.941975Z,0.5,18,no,cf526744-481c-5b97-5dd1-b3f47fa683ad
KXNCAAFSPREAD-25NOV08OREIOWA-ORE3,2025-11-08T20:40:35.941975Z,0.5,2,no,3c2520c1-bf35-5cc2-4574-162affb53eaa
KXNCAAFSPREAD-25NOV08OREIOWA-ORE3,2025-11-08T20:40:35.941975Z,0.42,5,no,09a5f51d-7934-5c7f-41ea-08810af962f6
KXNCAAFSPREAD-25NOV08OREIOWA-ORE3,2025-11-08T20:39:28.300537Z,0.5,2,no,80c6a1d8-ed99-4af2-a3c1-68566d02c52a
KXNCAAFSPREAD-25NOV08OREIOWA-ORE3,2025-11-08T20:37:06.402111Z,0.5,6,no,2dd1c03c-a509-7596-f0a6-78e874cc4c82
KXNCAAFSPREAD-25NOV08OREIOWA-ORE3,2025-11-08T20:36:37.83053Z,0.75,6,yes,7cd1dca1-3754-63bf-eba9-89ea0dfe5ab0
KXNCAAFSPREAD-25NOV08OREIOWA-ORE3,2025-11-08T20:34:05.569304Z,0.78,18,yes,600902cc-f8ac-5ece-af42-f790a7bb03c6
KXNCAAFSPREAD-25NOV08OREIOWA-ORE3,2025-11-08T20:34:05.569304Z,0.79,2,yes,476a6004-6059-5608-9082-3f70ed0ed0fe
KXNCAAFSPREAD-25NOV08OREIOWA-ORE3,2025-11-08T20:34:05.569304Z,0.55,15,yes,3ebccf96-ffa8-58e7-9680-6f61b58e885b
KXNCAAFSPREAD-25NOV08OREIOWA-ORE3,2025-11-08T20:33:13.288001Z,0.41,57,no,a129e2a2-348e-5a7b-932a-3c5ed2971b99
KXNCAAFSPREAD-25NOV08OREIOWA-ORE3,2025-11-08T20:33:13.288001Z,0.4,268,no,5a465a93-00d6-5440-9ef3-265b83b9e030
KXNCAAFSPREAD-25NOV08OREIOWA-ORE3,2025-11-08T20:33:01.038506Z,0.54,24,yes,e8a5b67e-7f95-56e1-5749-b9a09fdc90f6
KXNCAAFSPREAD-25NOV08OREIOWA-ORE3,2025-11-08T20:33:01.038506Z,0.55,13,yes,255322f0-1690-57bf-40b2-aee3677fa077
KXNCAAFSPREAD-25NOV08OREIOWA-ORE3,2025-11-08T20:32:58.816107Z,0.54,26,yes,c8df3722-0f41-7539-6126-66512b0e870a
KXNCAAFSPREAD-25NOV08OREIOWA-ORE3,2025-11-08T20:31:00.345224Z,0.51,67,no,96c86a36-a20e-4d52-8b09-43d7079e239f
KXNCAAFSPREAD-25NOV08OREIOWA-ORE3,2025-11-08T20:31:00.345224Z,0.4,80,no,76943706-3146-45b0-91cd-01d4ea8194a4
KXNCAAFSPREAD-25NOV08OREIOWA-ORE3,2025-11-08T20:31:00.345224Z,0.47,10,no,65d9e2d8-e8e0-4907-a8ca-5d1a5cc0479d
KXNCAAFSPREAD-25NOV08OREIOWA-ORE3,2025-11-08T20:31:00.345224Z,0.5,100,no,59e72c46-6d24-4f92-bc99-b791fa918a2e
KXNCAAFSPREAD-25NOV08OREIOWA-ORE3,2025-11-08T20:30:42.287562Z,0.55,167,yes,afae9469-21f8-640f-c3cd-692455cd9843
KXNCAAFSPREAD-25NOV08OREIOWA-ORE3,2025-11-08T20:30:34.825322Z,0.55,70,yes,42989ed9-f2f8-559b-abdc-917cd5cf0493
KXNCAAFSPREAD-25NOV08OREIOWA-ORE3,2025-11-08T20:30:31.900632Z,0.55,35,yes,0c10df08-a3cc-6463-2a13-f8f318e5c263
KXNCAAFSPREAD-25NOV08OREIOWA-ORE3,2025-11-08T20:29:45.941182Z,0.55,88,yes,527994fe-ac33-5319-ddf8-49adf698b5e5
KXNCAAFSPREAD-25NOV08OREIOWA-ORE3,2025-11-08T20:29:32.518882Z,0.52,2265,no,d7f2276d-ddc8-42ef-ed6f-5e42af6caec4
KXNCAAFSPREAD-25NOV08OREIOWA-ORE3,2025-11-08T20:28:48.584582Z,0.55,17,yes,931886c6-184b-7fa5-560f-a0601f73e7cd
KXNCAAFSPREAD-25NOV08OREIOWA-ORE3,2025-11-08T20:28:27.881818Z,0.55,35,yes,b384e630-91bb-79dd-1fc3-faff56f4e8b9
KXNCAAFSPREAD-25NOV08OREIOWA-ORE3,2025-11-08T20:28:19.81385Z,0.55,390,yes,fdf570a2-de9b-47d9-4740-f98624a7b031
KXNCAAFSPREAD-25NOV08OREIOWA-ORE3,2025-11-08T20:28:13.679535Z,0.55,35,yes,d3f84799-61d3-59d9-2170-2d37f4bcd4e1
KXNCAAFSPREAD-25NOV08OREIOWA-ORE3,2025-11-08T20:28:09.032248Z,0.55,17,yes,60c5b008-246f-5235-9373-f3b8700b108d
KXNCAAFSPREAD-25NOV08OREIOWA-ORE3,2025-11-08T20:27:34.279283Z,0.55,42,yes,16b17d7e-5417-5545-f50e-706522fcb2c1
KXNCAAFSPREAD-25NOV08OREIOWA-ORE3,2025-11-08T20:27:32.435565Z,0.53,10,no,b928e38a-262a-48d6-5abf-463b5ff4dce6
KXNCAAFSPREAD-25NOV08OREIOWA-ORE3,2025-11-08T20:27:10.756266Z,0.55,44,yes,a0ee0f2e-60ef-5919-d461-df549e38575d
KXNCAAFSPREAD-25NOV08OREIOWA-ORE3,2025-11-08T20:27:10.756266Z,0.54,44,yes,35d7a1a0-2607-5877-d0ba-a22a9434a106
KXNCAAFSPREAD-25NOV08OREIOWA-ORE3,2025-11-08T20:26:46.444329Z,0.53,10,no,fbe96883-434b-4f95-730a-b6e44dd8b09c
KXNCAAFSPREAD-25NOV08OREIOWA-ORE3,2025-11-08T20:26:46.444329Z,0.52,30,no,3ec09e84-5190-4cf7-7c6d-3f19bc4a719c
KXNCAAFSPREAD-25NOV08OREIOWA-ORE3,2025-11-08T20:26:37.931571Z,0.54,46,yes,b05f4ee7-3e7c-657d-93fd-45b097eeecf3
KXNCAAFSPREAD-25NOV08OREIOWA-ORE3,2025-11-08T20:26:37.931571Z,0.55,42,yes,32aa1431-208f-60a9-8d9a-73322fe6538d
KXNCAAFSPREAD-25NOV08OREIOWA-ORE3,2025-11-08T20:25:44.783654Z,0.55,88,yes,73009b47-257f-5f65-2374-1deae8dc0d35
KXNCAAFSPREAD-25NOV08OREIOWA-ORE3,2025-11-08T20:23:55.665782Z,0.55,969,yes,921c7aee-6aef-5aa1-37a2-b60f8038fa25
KXNCAAFSPREAD-25NOV08OREIOWA-ORE3,2025-11-08T20:23:53.825965Z,0.53,2051,no,9c6dddea-3906-61ff-c500-1c3976a836f0
KXNCAAFSPREAD-25NOV08OREIOWA-ORE3,2025-11-08T20:22:34.34639Z,0.55,88,yes,31fab276-63f1-7c85-8793-11645352e037
KXNCAAFSPREAD-25NOV08OREIOWA-ORE3,2025-11-08T20:21:30.335516Z,0.52,324,no,255e7ff9-740c-70d3-e0ea-0a7e4b68d9b0
KXNCAAFSPREAD-25NOV08OREIOWA-ORE3,2025-11-08T20:21:30.335516Z,0.53,182,no,0abd6ccd-60cd-7867-d5b6-cf90f40cbae4
KXNCAAFSPREAD-25NOV08OREIOWA-ORE3,2025-11-08T20:21:25.538527Z,0.54,51,yes,7d7b0b62-d7eb-694c-0d3b-5ce72628557b
KXNCAAFSPREAD-25NOV08OREIOWA-ORE3,2025-11-08T20:21:25.538527Z,0.55,814,yes,1c238fe8-d415-6021-2c3b-75af23b9fdbb
KXNCAAFSPREAD-25NOV08OREIOWA-ORE3,2025-11-08T20:20:47.360991Z,0.55,88,yes,178345ba-72f1-58fd-bc70-1dc190a1d31f
KXNCAAFSPREAD-25NOV08OREIOWA-ORE3,2025-11-08T20:20:04.507733Z,0.54,8,yes,1c445d23-78be-76f3-8d67-e043d6715cf1
KXNCAAFSPREAD-25NOV08OREIOWA-ORE3,2025-11-08T20:19:59.920517Z,0.54,29,yes,efac3f7f-c066-6797-13b7-c65caa418969
KXNCAAFSPREAD-25NOV08OREIOWA-ORE3,2025-11-08T20:19:08.94376Z,0.54,44,yes,c8ca1a5a-e426-72cf-47a3-32d0064422e9
KXNCAAFSPREAD-25NOV08OREIOWA-ORE3,2025-11-08T20:18:57.324224Z,0.54,3,yes,58ebb34f-258a-7a97-01f4-cd1beaf7fa61
KXNCAAFSPREAD-25NOV08OREIOWA-ORE3,2025-11-08T20:18:39.731879Z,0.54,119,yes,34f344e7-a04e-5013-62bb-f37d2244f6a9
KXNCAAFSPREAD-25NOV08OREIOWA-ORE3,2025-11-08T20:18:05.974116Z,0.54,89,yes,b0bff6a7-b322-5c27-e3f1-cfacb72b44d5
KXNCAAFSPREAD-25NOV08OREIOWA-ORE3,2025-11-08T20:17:55.645476Z,0.54,64,yes,f0702ffd-602e-651f-0480-a5d755be8135
KXNCAAFSPREAD-25NOV08OREIOWA-ORE3,2025-11-08T20:17:25.362023Z,0.52,14,no,1441db1c-aa00-5943-9ed5-6da80a4fdb4c
KXNCAAFSPREAD-25NOV08OREIOWA-ORE3,2025-11-08T20:17:22.799925Z,0.54,27,yes,ee0dfe56-a102-51e3-921a-033c2918f105
KXNCAAFSPREAD-25NOV08OREIOWA-ORE3,2025-11-08T20:17:01.943267Z,0.52,50,no,afd2d450-2064-7b4f-fae9-002a4174ea4c
KXNCAAFSPREAD-25NOV08OREIOWA-ORE3,2025-11-08T20:16:58.865813Z,0.53,10,no,d30f8c25-ae50-55cc-a86a-f603c221a06a
KXNCAAFSPREAD-25NOV08OREIOWA-ORE3,2025-11-08T20:16:58.865813Z,0.52,1,no,a377f4db-9114-5593-9c7e-f7f20ccc20a4
KXNCAAFSPREAD-25NOV08OREIOWA-ORE3,2025-11-08T20:16:48.329138Z,0.54,179,yes,f7692370-ff6e-705b-f4b7-61c1440af035
KXNCAAFSPREAD-25NOV08OREIOWA-ORE3,2025-11-08T20:16:32.284267Z,0.54,36,yes,c980b117-0346-48ff-51f2-85eab81ea6ed
KXNCAAFSPREAD-25NOV08OREIOWA-ORE3,2025-11-08T20:16:32.200616Z,0.54,226,yes,a6e2f835-fea6-7fc3-afa6-cef2ca1d7b71
KXNCAAFSPREAD-25NOV08OREIOWA-ORE3,2025-11-08T20:15:57.687147Z,0.54,8,yes,ddd1df96-4c22-4c43-de76-c6c8d181f331
KXNCAAFSPREAD-25NOV08OREIOWA-ORE3,2025-11-08T20:15:54.559536Z,0.54,179,yes,c513e861-3612-59af-4eb0-781588fe17f5
KXNCAAFSPREAD-25NOV08OREIOWA-ORE3,2025-11-08T20:15:51.10349Z,0.54,17,yes,6d78a106-cc5e-6287-1796-a68ef5f59b45
KXNCAAFSPREAD-25NOV08OREIOWA-ORE3,2025-11-08T20:15:37.837335Z,0.54,26,yes,14c59583-0ff6-667b-e5f4-3e374877f891
KXNCAAFSPREAD-25NOV08OREIOWA-ORE3,2025-11-08T20:14:52.671511Z,0.54,313,yes,b2ffb395-d316-5777-3956-ea452e63324d
KXNCAAFSPREAD-25NOV08OREIOWA-ORE3,2025-11-08T20:14:46.811982Z,0.54,38,yes,58f86f22-e0ea-54c7-84c3-bd29f8ad570d
KXNCAAFSPREAD-25NOV08OREIOWA-ORE3,2025-11-08T20:14:18.958205Z,0.54,17,yes,f512f57e-05c6-75eb-e470-8fc4b442b435
KXNCAAFSPREAD-25NOV08OREIOWA-ORE3,2025-11-08T20:13:54.592947Z,0.54,20,yes,d85d2317-f896-7727-96bc-0211b5ba9bc1
KXNCAAFSPREAD-25NOV08OREIOWA-ORE3,2025-11-08T20:13:23.415576Z,0.54,35,yes,312519a0-b51a-67ff-59e1-2d18cf19c855
KXNCAAFSPREAD-25NOV08OREIOWA-ORE3,2025-11-08T20:13:21.743936Z,0.54,17,yes,afccc5b1-77fe-6a57-6da3-90b54932c20d
KXNCAAFSPREAD-25NOV08OREIOWA-ORE3,2025-11-08T20:13:18.248222Z,0.53,10,no,953bffb6-d475-4089-3322-e920691ad75a
KXNCAAFSPREAD-25NOV08OREIOWA-ORE3,2025-11-08T20:13:18.248222Z,0.53,32,no,8b996d7f-8a50-4e25-2c1d-3cba64ed1356
KXNCAAFSPREAD-25NOV08OREIOWA-ORE3,2025-11-08T20:13:18.248222Z,0.52,59,no,6cc9f326-c604-4493-0afd-1886de4e16a4
KXNCAAFSPREAD-25NOV08OREIOWA-ORE3,2025-11-08T20:12:59.497758Z,0.54,179,yes,c83a1842-a222-7427-878b-c4c5f8ca1941
KXNCAAFSPREAD-25NOV08OREIOWA-ORE3,2025-11-08T20:12:53.862313Z,0.54,175,yes,88780932-94fa-5b0b-7709-17b69fb8f841
KXNCAAFSPREAD-25NOV08OREIOWA-ORE3,2025-11-08T20:12:48.010622Z,0.54,47,yes,63cd2e10-15b2-6467-e558-fd5f5eed2941
KXNCAAFSPREAD-25NOV08OREIOWA-ORE3,2025-11-08T20:12:20.811912Z,0.52,201,no,fc475860-b5c8-6f7b-ffa1-8cbcb09a240c
KXNCAAFSPREAD-25NOV08OREIOWA-ORE3,2025-11-08T20:11:36.6317Z,0.54,143,yes,ba76b728-ca46-4b2f-1010-9f6b084b91b5
KXNCAAFSPREAD-25NOV08OREIOWA-ORE3,2025-11-08T20:10:17.917743Z,0.54,125,yes,29181c28-037e-687b-aeb9-0b9f45ce7d6d
KXNCAAFSPREAD-25NOV08OREIOWA-ORE3,2025-11-08T20:10:14.223333Z,0.54,50,yes,322acc90-1e4a-68d7-414e-4f8802efc4d5
KXNCAAFSPREAD-25NOV08OREIOWA-ORE3,2025-11-08T20:08:46.553966Z,0.54,6,yes,d2479aac-1a26-62ff-11a0-71933bbc7f3d
KXNCAAFSPREAD-25NOV08OREIOWA-ORE3,2025-11-08T20:08:45.923691Z,0.54,500,yes,4b504300-d7c2-65df-4a7d-44640d5fb0bd
KXNCAAFSPREAD-25NOV08OREIOWA-ORE3,2025-11-08T20:06:43.926617Z,0.52,10,no,4fc9a761-f5dc-5377-32b2-8204491de01c
KXNCAAFSPREAD-25NOV08OREIOWA-ORE3,2025-11-08T20:06:04.761718Z,0.54,100,yes,5289923c-a2f6-477f-2d4a-0f70f7a50825
KXNCAAFSPREAD-25NOV08OREIOWA-ORE3,2025-11-08T20:05:46.174869Z,0.54,89,yes,3a8805a4-ce6e-4367-9789-e6c9196858dd
KXNCAAFSPREAD-25NOV08OREIOWA-ORE3,2025-11-08T20:04:35.108669Z,0.54,62,yes,d7593731-678a-6be3-4de1-2385efe414ed
KXNCAAFSPREAD-25NOV08OREIOWA-ORE3,2025-11-08T20:04:15.073706Z,0.53,10,no,f8c41350-dfce-751c-d143-ee90638bbe38
KXNCAAFSPREAD-25NOV08OREIOWA-ORE3,2025-11-08T20:04:15.073706Z,0.53,400,no,35c94423-c9fd-7ae2-cc1d-e7bcbeebb876
KXNCAAFSPREAD-25NOV08OREIOWA-ORE3,2025-11-08T20:01:02.437977Z,0.54,39,yes,83c04c3a-ef5a-5e87-c05c-6eb1a5629f3d
KXNCAAFSPREAD-25NOV08OREIOWA-ORE3,2025-11-08T20:00:50.618695Z,0.54,179,yes,c82bb1e3-bc86-4d7f-9711-f938bb092a6d
KXNCAAFSPREAD-25NOV08OREIOWA-ORE3,2025-11-08T20:00:28.200635Z,0.54,35,yes,30709878-4bd6-695b-af8b-1921368c6791
KXNCAAFSPREAD-25NOV08OREIOWA-ORE3,2025-11-08T20:00:16.329783Z,0.54,35,yes,ca915826-9d42-6c53-bd6f-2342ebcd330d
KXNCAAFSPREAD-25NOV08OREIOWA-ORE3,2025-11-08T19:59:19.849779Z,0.52,106,no,9848d902-699c-510b-a86e-490c061887a0
KXNCAAFSPREAD-25NOV08OREIOWA-ORE3,2025-11-08T19:59:19.849779Z,0.53,200,no,0c9818e0-22bf-5b75-ae2a-690bd58cf4a3
KXNCAAFSPREAD-25NOV08OREIOWA-ORE3,2025-11-08T19:59:01.121929Z,0.54,53,yes,6a21e6c4-6e2a-536f-b5a0-a5aab4ddb13d
KXNCAAFSPREAD-25NOV08OREIOWA-ORE3,2025-11-08T19:57:44.546511Z,0.54,89,yes,9ecc339e-7e66-7eab-b3cf-6d59211be421
KXNCAAFSPREAD-25NOV08OREIOWA-ORE3,2025-11-08T19:57:03.718481Z,0.54,35,yes,7c0c765b-9216-5f5b-0ddb-021683c63d89
KXNCAAFSPREAD-25NOV08OREIOWA-ORE3,2025-11-08T19:56:49.43549Z,0.54,14,yes,0314f167-8a62-6e37-457c-b30c401ad995
KXNCAAFSPREAD-25NOV08OREIOWA-ORE3,2025-11-08T19:56:49.128392Z,0.54,10,yes,52b750e8-92aa-79af-236b-09ce8a279be1
KXNCAAFSPREAD-25NOV08OREIOWA-ORE3,2025-11-08T19:55:54.762087Z,0.54,7,yes,0c3f1e4f-e62e-53bb-460f-34f467dc1465
KXNCAAFSPREAD-25NOV08OREIOWA-ORE3,2025-11-08T19:54:08.975773Z,0.54,2000,yes,9089e9e9-fc2e-6237-632a-1f645bf18bfd
KXNCAAFSPREAD-25NOV08OREIOWA-ORE3,2025-11-08T19:53:40.681137Z,0.54,8,yes,9b0acb2c-ed7a-603b-20dd-7ec68cd09f2d
KXNCAAFSPREAD-25NOV08OREIOWA-ORE3,2025-11-08T19:53:24.438078Z,0.52,30,no,5dc47d75-4e78-613b-47a3-ad5323391648
KXNCAAFSPREAD-25NOV08OREIOWA-ORE3,2025-11-08T19:53:24.438078Z,0.53,10,no,363fa04b-a7b0-6525-489b-227b4398b94b
KXNCAAFSPREAD-25NOV08OREIOWA-ORE3,2025-11-08T19:53:20.094721Z,0.54,34,yes,539af7af-2ac2-6a43-07ee-46cd32562289
KXNCAAFSPREAD-25NOV08OREIOWA-ORE3,2025-11-08T19:52:06.884842Z,0.52,10,no,3bba41c0-a538-763b-2586-9136671bf848
KXNCAAFSPREAD-25NOV08OREIOWA-ORE3,2025-11-08T19:51:06.082426Z,0.55,176,yes,28e32dcc-40b5-6c75-bae2-53fab23abec7
KXNCAAFSPREAD-25NOV08OREIOWA-ORE3,2025-11-08T19:50:28.992497Z,0.55,200,yes,83a2d486-b541-756d-7167-cae4ea0659d3
KXNCAAFSPREAD-25NOV08OREIOWA-ORE3,2025-11-08T19:47:36.714709Z,0.55,19,yes,43067f66-87e5-78c5-e5e8-a35ae9b4822f
KXNCAAFSPREAD-25NOV08OREIOWA-ORE3,2025-11-08T19:47:25.184916Z,0.52,10,no,bbfceb01-7204-5cc7-04c1-a0987ddc4514
KXNCAAFSPREAD-25NOV08OREIOWA-ORE3,2025-11-08T19:45:19.571152Z,0.55,44,yes,f8afdcc7-3609-4091-a8b8-c9de2db99097
KXNCAAFSPREAD-25NOV08OREIOWA-ORE3,2025-11-08T19:44:26.629809Z,0.52,37,no,95f623f1-caa0-4fd7-bc3c-cde55974c308
KXNCAAFSPREAD-25NOV08OREIOWA-ORE3,2025-11-08T19:44:20.964703Z,0.55,56,yes,251491d9-34d1-6c5d-d9a9-8563466c6b4f
KXNCAAFSPREAD-25NOV08OREIOWA-ORE3,2025-11-08T19:43:42.707474Z,0.52,10,no,8804a654-1920-61f7-a049-6f37ac5f8368
KXNCAAFSPREAD-25NOV08OREIOWA-ORE3,2025-11-08T19:43:38.395326Z,0.55,26,yes,cee1b183-d7e1-74e1-5869-1f98b8768737
KXNCAAFSPREAD-25NOV08OREIOWA-ORE3,2025-11-08T19:42:18.077952Z,0.55,26,yes,9246de66-6d45-5005-5457-8d6846ffb873
KXNCAAFSPREAD-25NOV08OREIOWA-ORE3,2025-11-08T19:42:05.894633Z,0.55,27,yes,90f0e485-2f81-5789-7211-83385886db1b
KXNCAAFSPREAD-25NOV08OREIOWA-ORE3,2025-11-08T19:38:29.272819Z,0.55,88,yes,7bb7748b-6b51-77ad-2bac-937f528a033b
KXNCAAFSPREAD-25NOV08OREIOWA-ORE3,2025-11-08T19:36:25.261616Z,0.55,2,yes,f9360d3b-0331-64c9-4fa3-e6095420489f
KXNCAAFSPREAD-25NOV08OREIOWA-ORE3,2025-11-08T19:36:17.090021Z,0.52,10,no,0ab9a2bb-ac6c-4333-c42d-f100d0844d20
KXNCAAFSPREAD-25NOV08OREIOWA-ORE3,2025-11-08T19:35:42.383758Z,0.55,44,yes,43fba756-1cbd-6581-75e3-3ec96049911f
KXNCAAFSPREAD-25NOV08OREIOWA-ORE3,2025-11-08T19:35:22.356248Z,0.52,10,no,cc3eacda-7b04-5cbb-f5cc-eb180ce42550
KXNCAAFSPREAD-25NOV08OREIOWA-ORE3,2025-11-08T19:35:09.949769Z,0.55,230,yes,6d5659c1-986d-541d-c7a4-442e53a4ab27
KXNCAAFSPREAD-25NOV08OREIOWA-ORE3,2025-11-08T19:33:41.390818Z,0.53,4,no,f5defe38-f09b-71ef-bbef-2244bc01b6f3
KXNCAAFSPREAD-25NOV08OREIOWA-ORE3,2025-11-08T19:33:41.390818Z,0.52,6,no,94e87913-bd44-7cdb-ae89-fc25d0687f94
KXNCAAFSPREAD-25NOV08OREIOWA-ORE3,2025-11-08T19:33:26.456304Z,0.55,10,yes,30789b2e-8425-612d-6775-5ebdb9f1469f
KXNCAAFSPREAD-25NOV08OREIOWA-ORE3,2025-11-08T19:31:26.581514Z,0.55,17,yes,9c084003-827d-4df1-79a6-6abc5a75662f
KXNCAAFSPREAD-25NOV08OREIOWA-ORE3,2025-11-08T19:29:26.537646Z,0.55,26,yes,9706d8a5-97b9-616d-202f-d88009d7ebd3
KXNCAAFSPREAD-25NOV08OREIOWA-ORE3,2025-11-08T19:26:48.859838Z,0.52,33,no,3355c724-3683-65c3-a89b-f0598244e25e
KXNCAAFSPREAD-25NOV08OREIOWA-ORE3,2025-11-08T19:26:48.859838Z,0.54,7,no,2d5a36f9-362c-6296-bfd9-074410138bea
KXNCAAFSPREAD-25NOV08OREIOWA-ORE3,2025-11-08T19:25:38.366844Z,0.55,106,yes,4a3611d8-8ebd-50b5-e045-66ec7e976acf
KXNCAAFSPREAD-25NOV08OREIOWA-ORE3,2025-11-08T19:24:43.482965Z,0.52,145,no,bf747514-c53b-60d7-7344-c0896747c5a2
KXNCAAFSPREAD-25NOV08OREIOWA-ORE3,2025-11-08T19:24:43.482965Z,0.54,10,no,15525673-cb10-6663-7a43-471575440da5
KXNCAAFSPREAD-25NOV08OREIOWA-ORE3,2025-11-08T19:24:32.78192Z,0.55,10,yes,e210d9ac-0c99-653d-ed38-af0b260b1a8f
KXNCAAFSPREAD-25NOV08OREIOWA-ORE3,2025-11-08T19:23:09.019282Z,0.55,100,yes,d397796d-41fd-72dd-926a-7c197f89fbdf
KXNCAAFSPREAD-25NOV08OREIOWA-ORE3,2025-11-08T19:21:53.380924Z,0.52,593,no,f82fac44-8b73-537b-51f2-6d89e19ed50a
KXNCAAFSPREAD-25NOV08OREIOWA-ORE3,2025-11-08T19:21:53.380924Z,0.54,10,no,803efe1c-eeb2-5f66-408b-44d30710b46f
KXNCAAFSPREAD-25NOV08OREIOWA-ORE3,2025-11-08T19:18:53.037613Z,0.55,86,yes,8b2fcb8b-03fd-5e55-f51e-b97ede20cadf
KXNCAAFSPREAD-25NOV08OREIOWA-ORE3,2025-11-08T19:17:33.059077Z,0.55,88,yes,5bcd8923-5c71-638d-7c9a-a327e7529b7b
KXNCAAFSPREAD-25NOV08OREIOWA-ORE3,2025-11-08T19:17:14.477977Z,0.55,26,yes,3a4486e5-c1bd-7439-e282-85e2e718a5db
KXNCAAFSPREAD-25NOV08OREIOWA-ORE3,2025-11-08T19:15:51.528845Z,0.54,10,no,3c681ff0-2c03-4a8d-910d-5cd02067b029
KXNCAAFSPREAD-25NOV08OREIOWA-ORE3,2025-11-08T19:15:47.436011Z,0.55,35,yes,cf521d08-113d-459d-fa36-19d60ce15823
KXNCAAFSPREAD-25NOV08OREIOWA-ORE3,2025-11-08T19:13:24.01745Z,0.55,200,yes,19d3e10d-3929-7495-6198-e7843c3f59bf
KXNCAAFSPREAD-25NOV08OREIOWA-ORE3,2025-11-08T19:12:55.164692Z,0.52,10,no,b4d73fa1-cc4f-5e27-3183-5376bf5ba35a
KXNCAAFSPREAD-25NOV08OREIOWA-ORE3,2025-11-08T19:12:55.164692Z,0.54,10,no,a7f53b83-178f-5c6f-0e34-f0749e76bd51
KXNCAAFSPREAD-25NOV08OREIOWA-ORE3,2025-11-08T19:11:55.756403Z,0.55,18,yes,1f24fa91-d899-4d9d-f792-c987ba0881b3
KXNCAAFSPREAD-25NOV08OREIOWA-ORE3,2025-11-08T19:11:19.814765Z,0.55,88,yes,8d0627f7-4355-72b9-79e1-9a44a1ae67ef
KXNCAAFSPREAD-25NOV08OREIOWA-ORE3,2025-11-08T19:11:13.813718Z,0.55,17,yes,a67393b6-e85d-545d-6716-0a9d702210e3
KXNCAAFSPREAD-25NOV08OREIOWA-ORE3,2025-11-08T19:03:39.307537Z,0.54,10,no,c8145acd-7e47-78dc-8dae-f153b5539280
KXNCAAFSPREAD-25NOV08OREIOWA-ORE3,2025-11-08T19:03:39.307537Z,0.52,30,no,63fb714f-fa6a-7eb8-964a-d1f0f63d0560
KXNCAAFSPREAD-25NOV08OREIOWA-ORE3,2025-11-08T19:03:05.208966Z,0.55,4,yes,a25eaf6c-b4b5-5815-5edb-1a8dde6f2e37
KXNCAAFSPREAD-25NOV08OREIOWA-ORE3,2025-11-08T18:59:12.17772Z,0.55,353,yes,7b446d9a-2a7d-75a1-3f28-b3d94a3fb6a7
KXNCAAFSPREAD-25NOV08OREIOWA-ORE3,2025-11-08T18:58:14.100687Z,0.55,8,yes,1fec4152-933d-7d59-d39b-2a5a92fc5bc3
KXNCAAFSPREAD-25NOV08OREIOWA-ORE3,2025-11-08T18:53:34.856102Z,0.54,10,no,e316bcb7-403d-6356-19fb-f778b10320ae
KXNCAAFSPREAD-25NOV08OREIOWA-ORE3,2025-11-08T18:51:54.457328Z,0.54,104,no,4b97b3b6-b0ae-7579-8c2a-20a6e7b15fc8
KXNCAAFSPREAD-25NOV08OREIOWA-ORE3,2025-11-08T18:50:40.790791Z,0.56,3,yes,98cdacf5-34d0-5bf6-bf38-2aa48a3c0dfc
KXNCAAFSPREAD-25NOV08OREIOWA-ORE3,2025-11-08T18:50:25.353973Z,0.53,359,no,bd2dadab-c0fe-5691-069c-72a4b50fcbc2
KXNCAAFSPREAD-25NOV08OREIOWA-ORE3,2025-11-08T18:50:07.715551Z,0.56,523,yes,2b423351-c084-585e-57fb-69d818f404ac
KXNCAAFSPREAD-25NOV08OREIOWA-ORE3,2025-11-08T18:45:54.698819Z,0.53,512,no,ab606fc9-4d6e-7f29-6a22-499073a65cee
KXNCAAFSPREAD-25NOV08OREIOWA-ORE3,2025-11-08T18:44:31.329305Z,0.56,173,yes,b293e7cf-6b3c-4c8a-6e45-68dfc761a304
KXNCAAFSPREAD-25NOV08OREIOWA-ORE3,2025-11-08T18:40:45.494321Z,0.53,51,no,74b09d79-495e-71f5-954f-29221f35c02e
KXNCAAFSPREAD-25NOV08OREIOWA-ORE3,2025-11-08T18:36:39.337056Z,0.54,10,no,f5cf69ad-79b8-4f2e-b5d9-2e3322cf68c2
KXNCAAFSPREAD-25NOV08OREIOWA-ORE3,2025-11-08T18:36:39.337056Z,0.53,92,no,648f5979-9c16-459d-b032-b1ad55217e12
KXNCAAFSPREAD-25NOV08OREIOWA-ORE3,2025-11-08T18:31:54.081341Z,0.57,17,yes,78787c9b-e228-7d02-4c8e-f82ff26eed78
KXNCAAFSPREAD-25NOV08OREIOWA-ORE3,2025-11-08T18:11:27.197631Z,0.57,17,yes,3382fd87-fd5c-5d0e-af70-f2cccd59aa4c
KXNCAAFSPREAD-25NOV08OREIOWA-ORE3,2025-11-08T18:11:03.294633Z,0.54,31,no,2d5f20a4-1c0c-75b3-fb3f-0ec804b5a627
KXNCAAFSPREAD-25NOV08OREIOWA-ORE3,2025-11-08T18:04:22.767396Z,0.57,170,yes,14ef12cb-72f0-5246-06e4-0c1016c03044
KXNCAAFSPREAD-25NOV08OREIOWA-ORE3,2025-11-08T18:02:44.416151Z,0.54,5,no,834ce652-a20c-5247-c008-e8d552cce94b
KXNCAAFSPREAD-25NOV08OREIOWA-ORE3,2025-11-08T17:49:24.137797Z,0.57,42,yes,b703e390-fd60-62c2-9ba2-f5e9480aaf94
KXNCAAFSPREAD-25NOV08OREIOWA-ORE3,2025-11-08T17:48:14.713483Z,0.57,8,yes,c4351260-8900-5ef6-2806-0b9b4d1099ac
KXNCAAFSPREAD-25NOV08OREIOWA-ORE3,2025-11-08T17:44:32.416741Z,0.57,122,yes,e2cba613-e038-55e2-28d6-823a056c94e0
KXNCAAFSPREAD-25NOV08OREIOWA-ORE3,2025-11-08T17:37:27.658941Z,0.54,10,no,d2c32242-7c48-6bc7-e1ba-fd2a20bc53af
KXNCAAFSPREAD-25NOV08OREIOWA-ORE3,2025-11-08T17:36:07.864069Z,0.57,17,yes,0306a3a6-44ec-6f02-836a-e4c65ba4fe2c
KXNCAAFSPREAD-25NOV08OREIOWA-ORE3,2025-11-08T17:25:08.759922Z,0.54,52,no,2e0df12f-23f4-47cf-ce36-b3e7b6a158eb
KXNCAAFSPREAD-25NOV08OREIOWA-ORE3,2025-11-08T17:21:48.551876Z,0.57,17,yes,be4dab99-e0ac-79e6-cf05-33d5af8fc020
KXNCAAFSPREAD-25NOV08OREIOWA-ORE3,2025-11-08T16:44:28.174947Z,0.58,83,yes,e843030e-8b2e-6e30-afaa-b7a5985054dd
KXNCAAFSPREAD-25NOV08OREIOWA-ORE3,2025-11-08T16:37:32.032849Z,0.55,4,no,9bc88646-0263-5512-5cde-d5d7db398320
KXNCAAFSPREAD-25NOV08OREIOWA-ORE3,2025-11-08T16:00:55.860169Z,0.53,21,no,30f041ce-7413-5940-defc-a834c0a11730
KXNCAAFSPREAD-25NOV08OREIOWA-ORE3,2025-11-08T16:00:55.860169Z,0.52,29,no,08932157-175e-5884-d7c0-cc8c745f59b0
KXNCAAFSPREAD-25NOV08OREIOWA-ORE3,2025-11-08T15:39:02.160019Z,0.8,6,yes,b78e82d6-1808-5507-185c-13d207804e1e
KXNCAAFSPREAD-25NOV08OREIOWA-ORE3,2025-11-08T15:33:17.812559Z,0.53,39,no,12535281-e977-577c-0e1e-8f9139298e58
KXNCAAFSPREAD-25NOV08OREIOWA-ORE3,2025-11-08T15:07:04.014953Z,0.52,20,no,b01a414a-111a-4640-3f64-077e76705998
KXNCAAFSPREAD-25NOV08OREIOWA-ORE3,2025-11-08T15:04:56.103039Z,0.52,8,no,86986a77-b3a6-6124-614e-dd79290057d4
