ticker,created_time,price,count,taker_side,trade_id
KXNCAAFTOTAL-25NOV08LSUALA-43,2025-11-09T04:04:45.639187Z,0.01,159,yes,eb765299-f71b-4052-aafd-ee84b0292cec
KXNCAAFTOTAL-25NOV08LSUALA-43,2025-11-09T04:04:10.31268Z,0.01,107,yes,9dcf4ccc-034b-733a-4912-1b3b3aa3c3c8
KXNCAAFTOTAL-25NOV08LSUALA-43,2025-11-09T04:02:40.60105Z,0.01,54,yes,5fd102f7-a083-51d2-93c6-0d884d166618
KXNCAAFTOTAL-25NOV08LSUALA-43,2025-11-09T04:02:35.767847Z,0.01,33,yes,d450d116-b53b-4792-8bd9-e26ea817bbc4
KXNCAAFTOTAL-25NOV08LSUALA-43,2025-11-09T03:58:11.880076Z,0.01,59,no,9ea90013-12ea-677f-42c5-e72ed214db03
KXNCAAFTOTAL-25NOV08LSUALA-43,2025-11-09T03:58:11.880076Z,0.01,2,no,6bcc51b4-5fa0-6c77-4d99-88575bb33cc3
KXNCAAFTOTAL-25NOV08LSUALA-43,2025-11-09T03:55:56.023011Z,0.01,34,no,01eabdfd-e636-4993-7e3c-9a6541357a73
KXNCAAFTOTAL-25NOV08LSUALA-43,2025-11-09T03:54:57.250159Z,0.02,13,no,c980ccc8-95ab-5e60-a658-090c92ca57d2
KXNCAAFTOTAL-25NOV08LSUALA-43,2025-11-09T03:54:57.250159Z,0.02,1000,no,36e5fcae-a188-517a-bc90-6724928e441a
KXNCAAFTOTAL-25NOV08LSUALA-43,2025-11-09T03:54:57.250159Z,0.01,207,no,2048c10a-f5de-5843-90d1-138bf158e467
KXNCAAFTOTAL-25NOV08LSUALA-43,2025-11-09T03:51:28.669252Z,0.02,61,no,164153c8-5867-4c18-aeee-4cc5c56e63f6
KXNCAAFTOTAL-25NOV08LSUALA-43,2025-11-09T03:51:21.808137Z,0.02,18,no,4c7ed90d-6cb7-4db8-7137-45171c3975e6
KXNCAAFTOTAL-25NOV08LSUALA-43,2025-11-09T03:49:58.015337Z,0.02,20,no,dcec2c93-8f43-7f94-1252-185ee98c4746
KXNCAAFTOTAL-25NOV08LSUALA-43,2025-11-09T03:39:14.706135Z,0.02,88,no,18f1d1a0-b4af-5134-14ec-63f1dbe5650a
KXNCAAFTOTAL-25NOV08LSUALA-43,2025-11-09T03:31:02.396837Z,0.06,100,no,c90bfe60-d9f1-6755-d3c8-4a4537281d81
KXNCAAFTOTAL-25NOV08LSUALA-43,2025-11-09T03:31:02.396837Z,0.05,100,no,c356110f-28a7-68a6-dcb5-110143375a6f
KXNCAAFTOTAL-25NOV08LSUALA-43,2025-11-09T03:31:02.396837Z,0.08,96,no,b2e327b8-d410-6920-e735-591ea222407d
KXNCAAFTOTAL-25NOV08LSUALA-43,2025-11-09T03:31:02.396837Z,0.04,17,no,85a89e55-5326-668d-c9a7-9a93d9b336d5
KXNCAAFTOTAL-25NOV08LSUALA-43,2025-11-09T03:29:17.646038Z,0.08,4,no,61673327-5548-4e20-9083-4f0dfbbd1fd5
KXNCAAFTOTAL-25NOV08LSUALA-43,2025-11-09T03:19:07.935586Z,0.19,125,yes,0bed6f1a-9e56-56c7-a697-43adb15ce357
KXNCAAFTOTAL-25NOV08LSUALA-43,2025-11-09T03:16:38.099963Z,0.16,72,no,a5329599-6105-524c-30e4-c42fdff2ecc6
KXNCAAFTOTAL-25NOV08LSUALA-43,2025-11-09T03:16:15.100312Z,0.16,2,no,a539eac5-793d-5dc0-490d-10afe1894936
KXNCAAFTOTAL-25NOV08LSUALA-43,2025-11-09T03:15:44.869726Z,0.16,26,no,b37527fe-6b89-5358-ec66-f01ada00534a
KXNCAAFTOTAL-25NOV08LSUALA-43,2025-11-09T03:09:57.892178Z,0.19,54,no,2565d694-a526-42c3-4c06-3b8e31a1e6a5
KXNCAAFTOTAL-25NOV08LSUALA-43,2025-11-09T03:08:36.57141Z,0.21,55,no,10c977e6-2e54-5bfb-63b8-d649ee241a93
KXNCAAFTOTAL-25NOV08LSUALA-43,2025-11-09T03:02:53.315198Z,0.21,45,no,d1dde53a-f198-5243-d534-2ef2493c434b
KXNCAAFTOTAL-25NOV08LSUALA-43,2025-11-09T02:54:28.267803Z,0.42,1000,no,0844a857-acb3-5475-465a-95a925b63043
KXNCAAFTOTAL-25NOV08LSUALA-43,2025-11-09T02:52:33.348095Z,0.37,6,no,56fc0df7-c617-58bf-7e25-2015693831d4
KXNCAAFTOTAL-25NOV08LSUALA-43,2025-11-09T02:50:52.491791Z,0.45,200,yes,29355c96-d3a8-5ee1-53ee-471b34ff3a5d
KXNCAAFTOTAL-25NOV08LSUALA-43,2025-11-09T02:47:43.133382Z,0.46,11,yes,9adbc6e9-3b71-798c-fe27-c6731f33368c
KXNCAAFTOTAL-25NOV08LSUALA-43,2025-11-09T02:46:57.405504Z,0.37,7,no,6085da60-5d10-4393-3eb3-263ddeb4bac7
KXNCAAFTOTAL-25NOV08LSUALA-43,2025-11-09T02:46:20.668002Z,0.34,159,no,2ac8f90b-8540-63fe-ff2c-915be85db2b8
KXNCAAFTOTAL-25NOV08LSUALA-43,2025-11-09T02:43:48.587509Z,0.41,510,no,d934fe65-88ff-719f-b3d8-739a3c626f46
KXNCAAFTOTAL-25NOV08LSUALA-43,2025-11-09T02:43:48.587509Z,0.4,308,no,67059b60-cf4e-7472-9efc-d3bd7f665a7e
KXNCAAFTOTAL-25NOV08LSUALA-43,2025-11-09T02:42:55.855465Z,0.54,26,yes,4f090a67-ab96-6786-11ee-0980a19af6a2
KXNCAAFTOTAL-25NOV08LSUALA-43,2025-11-09T02:41:52.817988Z,0.52,111,yes,b353ff3a-fb73-6b8d-0468-addf6d71afa6
KXNCAAFTOTAL-25NOV08LSUALA-43,2025-11-09T02:41:06.42059Z,0.44,107,no,2149a6a7-b3bb-68f8-c440-a0266f8d3c1a
KXNCAAFTOTAL-25NOV08LSUALA-43,2025-11-09T02:38:28.467516Z,0.42,8,no,d2898b2e-fccb-787c-9015-c64491283053
KXNCAAFTOTAL-25NOV08LSUALA-43,2025-11-09T02:36:22.885216Z,0.42,16,no,aa4afde3-7c6b-452c-bdce-dd9e9806b47f
KXNCAAFTOTAL-25NOV08LSUALA-43,2025-11-09T02:35:48.916495Z,0.5,20,yes,3f08a77d-05a6-7bab-c2df-96851200ed04
KXNCAAFTOTAL-25NOV08LSUALA-43,2025-11-09T02:35:27.813675Z,0.42,167,no,3947d02a-500f-69b0-e47c-226cc0dec933
KXNCAAFTOTAL-25NOV08LSUALA-43,2025-11-09T02:35:09.56414Z,0.5,18,yes,a36b34a1-a8fe-5c9b-3e10-e7cf3d21a920
KXNCAAFTOTAL-25NOV08LSUALA-43,2025-11-09T02:34:51.469365Z,0.42,8,no,83451216-e74f-7f00-ece1-7fa30914fa3b
KXNCAAFTOTAL-25NOV08LSUALA-43,2025-11-09T02:34:36.947784Z,0.43,25,no,f3840a0b-9b8d-4865-dd21-dcc7a29d0c78
KXNCAAFTOTAL-25NOV08LSUALA-43,2025-11-09T02:34:23.164897Z,0.41,120,no,d27a7a72-0376-5b29-4004-f438c474a437
KXNCAAFTOTAL-25NOV08LSUALA-43,2025-11-09T02:32:20.173633Z,0.52,4,yes,e0b41681-3d66-5650-efab-7ce4226e3587
KXNCAAFTOTAL-25NOV08LSUALA-43,2025-11-09T02:28:59.007344Z,0.43,93,no,676c4ee6-dd48-52d4-c5ae-57d3d76ecc9d
KXNCAAFTOTAL-25NOV08LSUALA-43,2025-11-09T02:22:48.868985Z,0.51,214,yes,7631a364-04ce-535a-2a7e-a82864a17cdd
KXNCAAFTOTAL-25NOV08LSUALA-43,2025-11-09T02:20:37.818278Z,0.51,9,yes,d31a2454-51cd-5eb6-5a6d-cd4bc7a8ba29
KXNCAAFTOTAL-25NOV08LSUALA-43,2025-11-09T02:20:33.694333Z,0.51,9,yes,786207d8-5a09-7342-5f31-e02dc0eaca3d
KXNCAAFTOTAL-25NOV08LSUALA-43,2025-11-09T02:17:03.876288Z,0.52,10,yes,b6abc1e0-4c6b-647b-d1a9-c064a791307f
KXNCAAFTOTAL-25NOV08LSUALA-43,2025-11-09T02:15:56.853566Z,0.54,20,yes,3685ec01-8476-7cc2-d9f5-b4b2be0d8c37
KXNCAAFTOTAL-25NOV08LSUALA-43,2025-11-09T02:14:45.160845Z,0.53,45,yes,f7896a76-76eb-6494-db17-a2268b5b8184
KXNCAAFTOTAL-25NOV08LSUALA-43,2025-11-09T02:13:55.554876Z,0.55,88,yes,d29ee71a-abab-41b7-b60d-99aad3676408
KXNCAAFTOTAL-25NOV08LSUALA-43,2025-11-09T02:13:23.669132Z,0.55,88,yes,1a3cd8ae-f59f-4edf-6274-69f461538510
KXNCAAFTOTAL-25NOV08LSUALA-43,2025-11-09T02:10:18.80978Z,0.57,17,yes,d73bf1da-d2af-7207-6bd9-efecb8cb9996
KXNCAAFTOTAL-25NOV08LSUALA-43,2025-11-09T02:08:53.339818Z,0.57,1,yes,bab1d9b9-e296-76ce-aff9-ecdb4c46a988
KXNCAAFTOTAL-25NOV08LSUALA-43,2025-11-09T02:07:59.19555Z,0.48,2,no,ea3c4662-300b-67f2-43d7-a822d3b1bf35
KXNCAAFTOTAL-25NOV08LSUALA-43,2025-11-09T02:07:59.006445Z,0.48,2,no,cc25e79d-6b87-4d16-5c41-9d3ebd72bc29
KXNCAAFTOTAL-25NOV08LSUALA-43,2025-11-09T02:03:07.442373Z,0.29,363,no,70c955cc-7b8d-687f-25a1-3c87de48bee5
KXNCAAFTOTAL-25NOV08LSUALA-43,2025-11-09T02:02:31.887922Z,0.29,6,no,fccba064-0c9c-57da-9161-2014c490420f
KXNCAAFTOTAL-25NOV08LSUALA-43,2025-11-09T02:02:09.184034Z,0.38,50,yes,07dd12e6-feac-6b92-2f6b-db60d833ef52
KXNCAAFTOTAL-25NOV08LSUALA-43,2025-11-09T01:56:43.225902Z,0.52,5,no,c41729a7-d471-7cc4-f1b0-8158f1842a5c
KXNCAAFTOTAL-25NOV08LSUALA-43,2025-11-09T01:56:17.522013Z,0.55,5,no,7f6d770a-ed56-59c6-ac21-3e9a413c414a
KXNCAAFTOTAL-25NOV08LSUALA-43,2025-11-09T01:56:10.197447Z,0.56,519,yes,882b5fac-0b23-74e6-8f61-a2f8553cd3ec
KXNCAAFTOTAL-25NOV08LSUALA-43,2025-11-09T01:54:32.014848Z,0.5,193,no,760d8987-22fd-7ed6-42d3-90d76ba2cf72
KXNCAAFTOTAL-25NOV08LSUALA-43,2025-11-09T01:52:07.336853Z,0.54,53,yes,950c7cdf-6977-63a4-2126-4403fff563ab
KXNCAAFTOTAL-25NOV08LSUALA-43,2025-11-09T01:49:47.729883Z,0.52,18,yes,067c83ff-ec67-6c2c-312f-1c4ce2311947
KXNCAAFTOTAL-25NOV08LSUALA-43,2025-11-09T01:48:51.648147Z,0.47,105,no,a8705a6e-fd57-71cd-a7f7-50f134ba3fff
KXNCAAFTOTAL-25NOV08LSUALA-43,2025-11-09T01:48:51.648147Z,0.52,5,no,6affdbf2-1028-7b42-aaff-c84bbe79a493
KXNCAAFTOTAL-25NOV08LSUALA-43,2025-11-09T01:45:38.783927Z,0.5,67,no,2f71ea40-a70c-7cc0-b0b9-1a81689bc2d9
KXNCAAFTOTAL-25NOV08LSUALA-43,2025-11-09T01:44:46.493011Z,0.49,7,yes,4d1dcf13-f071-56a4-7103-64955f7dd1e2
KXNCAAFTOTAL-25NOV08LSUALA-43,2025-11-09T01:43:51.322328Z,0.46,750,yes,9afa4fca-4e81-41f5-75fe-8f973eb3d6da
KXNCAAFTOTAL-25NOV08LSUALA-43,2025-11-09T01:43:25.919593Z,0.46,14,no,0906fd8a-8495-4e52-841b-81c969ab3107
KXNCAAFTOTAL-25NOV08LSUALA-43,2025-11-09T01:40:02.305316Z,0.44,321,yes,a55f55a9-9561-7411-c512-51a7179cae76
KXNCAAFTOTAL-25NOV08LSUALA-43,2025-11-09T01:31:22.407875Z,0.34,36,no,4f1c41a4-34b8-7d14-1243-80fa6d96340e
KXNCAAFTOTAL-25NOV08LSUALA-43,2025-11-09T01:27:41.735169Z,0.46,3,yes,c0af4e89-5da6-5602-3a78-bf307523295f
KXNCAAFTOTAL-25NOV08LSUALA-43,2025-11-09T01:23:15.762271Z,0.34,7,no,02b9eb8f-f7fd-7d44-ca5c-d1694e285ddb
KXNCAAFTOTAL-25NOV08LSUALA-43,2025-11-09T01:19:32.622483Z,0.35,33,no,e4177d73-7542-7ac0-daed-35837ad58c42
KXNCAAFTOTAL-25NOV08LSUALA-43,2025-11-09T01:16:31.710578Z,0.34,8,no,4ac75c73-4af8-6230-f035-02d80827c7e6
KXNCAAFTOTAL-25NOV08LSUALA-43,2025-11-09T01:14:58.902038Z,0.36,76,no,6e89cbcb-496c-4cec-d9f1-b89b93278f42
KXNCAAFTOTAL-25NOV08LSUALA-43,2025-11-09T01:14:57.192074Z,0.36,76,no,717cc7b7-1c04-6988-a7f7-5a634aac0f56
KXNCAAFTOTAL-25NOV08LSUALA-43,2025-11-09T01:13:38.335162Z,0.42,20,yes,c5b2ec93-581b-4c04-55a3-d3c6ff5cad61
KXNCAAFTOTAL-25NOV08LSUALA-43,2025-11-09T01:11:11.158672Z,0.39,125,no,9b39c9b1-6464-7340-ea4c-c941f2c76de6
KXNCAAFTOTAL-25NOV08LSUALA-43,2025-11-09T01:08:33.136595Z,0.39,9,no,fb51d762-23c8-6b80-73e6-8aff2fffc92a
KXNCAAFTOTAL-25NOV08LSUALA-43,2025-11-09T01:07:45.445766Z,0.41,936,yes,771bbc9e-5c77-500b-e5ba-26114eef86ef
KXNCAAFTOTAL-25NOV08LSUALA-43,2025-11-09T01:04:59.519834Z,0.35,36,no,7c25d824-7132-5551-ed9d-d5b179a14d52
KXNCAAFTOTAL-25NOV08LSUALA-43,2025-11-09T01:04:51.6074Z,0.5,38,yes,a44d85d2-ce1d-6773-577b-d98ef72687e6
KXNCAAFTOTAL-25NOV08LSUALA-43,2025-11-09T01:04:40.417644Z,0.38,1000,yes,65f122cd-b690-7ecc-3f90-8b142dedc54c
KXNCAAFTOTAL-25NOV08LSUALA-43,2025-11-09T01:02:40.673079Z,0.49,98,yes,35bdb939-e781-6135-f850-825e72012d3a
KXNCAAFTOTAL-25NOV08LSUALA-43,2025-11-09T01:02:37.054793Z,0.49,591,yes,67512327-be29-672d-6f6f-663027fbcb9a
KXNCAAFTOTAL-25NOV08LSUALA-43,2025-11-09T01:02:29.803225Z,0.49,36,yes,ba31d8f0-4ad5-78f5-102e-f2a5f9a04bce
KXNCAAFTOTAL-25NOV08LSUALA-43,2025-11-09T01:02:29.803225Z,0.48,25,yes,6e8e1d2d-1cca-7c97-264e-7c046b009076
KXNCAAFTOTAL-25NOV08LSUALA-43,2025-11-09T01:02:20.791362Z,0.48,156,yes,e4bba9a6-5df9-4429-8c60-4a32f6671a1d
KXNCAAFTOTAL-25NOV08LSUALA-43,2025-11-09T01:01:41.400199Z,0.43,439,no,6931dd5a-3907-771d-d7b7-99e9bdb6b919
KXNCAAFTOTAL-25NOV08LSUALA-43,2025-11-09T01:01:38.839377Z,0.43,439,no,99a72427-acdb-4d31-9b75-6d995a525e25
KXNCAAFTOTAL-25NOV08LSUALA-43,2025-11-09T01:01:27.15667Z,0.48,20,yes,85d579b6-9e8e-621c-eb0f-f4b77f53ee4a
KXNCAAFTOTAL-25NOV08LSUALA-43,2025-11-09T01:01:07.338397Z,0.42,232,no,4048c656-ce04-6670-b0e9-94fe73abc25e
KXNCAAFTOTAL-25NOV08LSUALA-43,2025-11-09T01:00:50.207887Z,0.5,1000,no,1771919d-25a4-7a1d-b26b-b4d15f34dd95
KXNCAAFTOTAL-25NOV08LSUALA-43,2025-11-09T00:58:52.665065Z,0.59,41,yes,6d98a9a9-1a0d-6c35-3a3c-6c8091cac562
KXNCAAFTOTAL-25NOV08LSUALA-43,2025-11-09T00:58:28.412611Z,0.52,10,no,8deda70d-7e74-7240-59f9-a99af81a439e
KXNCAAFTOTAL-25NOV08LSUALA-43,2025-11-09T00:58:27.291387Z,0.52,50,no,8bd88533-e044-4ba4-e320-0516277728f6
KXNCAAFTOTAL-25NOV08LSUALA-43,2025-11-09T00:54:24.365335Z,0.63,232,yes,8be6f221-9a9a-7d0d-f3f1-9d0f89dc25cd
KXNCAAFTOTAL-25NOV08LSUALA-43,2025-11-09T00:53:11.566529Z,0.54,11,no,ccdcbe0e-6563-57e1-f7c1-978960a06ab2
KXNCAAFTOTAL-25NOV08LSUALA-43,2025-11-09T00:47:02.123605Z,0.68,18,yes,7723901d-e4c7-6a84-29ad-feb98fe0755f
KXNCAAFTOTAL-25NOV08LSUALA-43,2025-11-09T00:38:55.532811Z,0.69,7,yes,64c47ea2-b3e6-41cd-e653-a089454f6759
KXNCAAFTOTAL-25NOV08LSUALA-43,2025-11-09T00:35:27.556324Z,0.69,200,yes,55f211e8-d01e-6151-ed1f-361477309bf1
KXNCAAFTOTAL-25NOV08LSUALA-43,2025-11-09T00:21:40.492614Z,0.71,1,yes,b7c854e1-5a7e-5c44-ba76-54eb06a5e4c2
KXNCAAFTOTAL-25NOV08LSUALA-43,2025-11-09T00:18:57.460299Z,0.71,34,yes,3b724765-3f3a-4d6c-33f2-cfe7edc4f61a
KXNCAAFTOTAL-25NOV08LSUALA-43,2025-11-09T00:13:43.00134Z,0.71,55,yes,eb1fde71-4b52-651c-a2c8-8bfb6d535df6
KXNCAAFTOTAL-25NOV08LSUALA-43,2025-11-09T00:02:55.405717Z,0.71,916,yes,4bc91e0b-17ee-5c18-518d-986a1cf12e26
KXNCAAFTOTAL-25NOV08LSUALA-43,2025-11-08T23:25:24.960924Z,0.61,280,yes,a6df8ddf-6d04-6e54-918d-be79aa3fd830
KXNCAAFTOTAL-25NOV08LSUALA-43,2025-11-08T23:25:20.08813Z,0.61,127,yes,c1fe6033-7248-6a44-8e8b-3d477b0f011c
KXNCAAFTOTAL-25NOV08LSUALA-43,2025-11-08T23:25:11.927636Z,0.61,2393,yes,5048a87b-b678-626c-dac8-1bfb8ac71fdc
KXNCAAFTOTAL-25NOV08LSUALA-43,2025-11-08T23:25:00.869762Z,0.61,700,yes,5c84d197-3090-6a9c-92cc-931a6b9acec8
KXNCAAFTOTAL-25NOV08LSUALA-43,2025-11-08T16:23:04.808715Z,0.77,31,yes,3043deea-ecfd-74a9-360d-2850a3e29f3b
