ticker,created_time,price,count,taker_side,trade_id
KXNCAAFSPREAD-25NOV08WASHWIS-WASH10,2025-11-09T00:51:55.34939Z,0.01,98,yes,899091c0-e05a-5e2b-ecec-3667feefbf59
KXNCAAFSPREAD-25NOV08WASHWIS-WASH10,2025-11-09T00:44:25.584526Z,0.01,300,no,e4d7ad66-727f-508e-937c-d2f78cf8d461
KXNCAAFSPREAD-25NOV08WASHWIS-WASH10,2025-11-09T00:44:25.584526Z,0.02,5,no,1a3c1c00-5855-54ab-96d0-82c13747ccf1
KXNCAAFSPREAD-25NOV08WASHWIS-WASH10,2025-11-09T00:43:18.748771Z,0.02,25,no,25199fc3-2399-71cf-1b1d-79cd03e2a95d
KXNCAAFSPREAD-25NOV08WASHWIS-WASH10,2025-11-09T00:41:11.747864Z,0.02,15,no,820d6d30-eb19-40f3-08f3-4734ddd1005d
KXNCAAFSPREAD-25NOV08WASHWIS-WASH10,2025-11-09T00:38:20.055638Z,0.03,83,no,7916710c-d4fb-731b-97ed-c5d43fdc25bd
KXNCAAFSPREAD-25NOV08WASHWIS-WASH10,2025-11-09T00:38:20.055638Z,0.02,155,no,3d7c4261-f8a5-798b-86c4-5a231f076c21
KXNCAAFSPREAD-25NOV08WASHWIS-WASH10,2025-11-09T00:37:54.693795Z,0.03,15,no,07608b57-47df-4033-92a3-8298deac14a5
KXNCAAFSPREAD-25NOV08WASHWIS-WASH10,2025-11-09T00:29:30.448642Z,0.03,2,no,fa36f57c-5383-44e7-0984-4b81f49fe6f9
KXNCAAFSPREAD-25NOV08WASHWIS-WASH10,2025-11-09T00:25:43.822392Z,0.06,38,no,bff19c49-2fe9-403a-dfd0-acdc672f9d7f
KXNCAAFSPREAD-25NOV08WASHWIS-WASH10,2025-11-09T00:25:02.639798Z,0.06,30,no,c252a4ab-1ae9-57e2-5c5b-75ae7396a35f
KXNCAAFSPREAD-25NOV08WASHWIS-WASH10,2025-11-09T00:24:42.436689Z,0.06,23,no,82d1a3e4-403d-5eca-7b1f-139ac9850583
KXNCAAFSPREAD-25NOV08WASHWIS-WASH10,2025-11-09T00:17:57.612283Z,0.06,9,no,a4f0f535-67ad-4a8a-74e3-9dceb7dca61f
KXNCAAFSPREAD-25NOV08WASHWIS-WASH10,2025-11-09T00:17:18.043974Z,0.07,37,no,9d0db5fd-1189-7885-8fd9-c89126c36da4
KXNCAAFSPREAD-25NOV08WASHWIS-WASH10,2025-11-09T00:13:26.668417Z,0.16,826,yes,31e61358-3b6d-7a6a-7d46-64f20be013c6
KXNCAAFSPREAD-25NOV08WASHWIS-WASH10,2025-11-09T00:05:45.785917Z,0.07,549,no,01a9ee09-8a38-68fc-ac9e-d80de4ec8666
KXNCAAFSPREAD-25NOV08WASHWIS-WASH10,2025-11-09T00:05:45.785917Z,0.07,11,no,0142c6a4-6efc-6aca-8059-7fdf33a4eda3
KXNCAAFSPREAD-25NOV08WASHWIS-WASH10,2025-11-09T00:04:19.327148Z,0.12,551,no,9e745950-bce4-6954-fbca-75ff6d525009
KXNCAAFSPREAD-25NOV08WASHWIS-WASH10,2025-11-09T00:04:19.327148Z,0.13,10,no,0dcf17c6-06b7-677d-ebfa-c571cc44a31f
KXNCAAFSPREAD-25NOV08WASHWIS-WASH10,2025-11-09T00:03:25.797652Z,0.19,49,yes,4e53f53a-9a8f-603d-92ff-44ab96aaa47f
KXNCAAFSPREAD-25NOV08WASHWIS-WASH10,2025-11-09T00:02:59.947682Z,0.11,433,no,eda5c6ab-c401-7bf3-087b-77cc8ec3f219
KXNCAAFSPREAD-25NOV08WASHWIS-WASH10,2025-11-09T00:02:46.145848Z,0.12,145,no,cb92e8f8-1d44-6bfc-2f0f-22fd78041e8c
KXNCAAFSPREAD-25NOV08WASHWIS-WASH10,2025-11-09T00:02:46.145848Z,0.12,423,no,55df76de-ba06-62f8-0cfb-4d67a70246e3
KXNCAAFSPREAD-25NOV08WASHWIS-WASH10,2025-11-09T00:01:40.279371Z,0.12,1,no,e1f2ece2-77ce-4b14-ae11-a6ef507d982b
KXNCAAFSPREAD-25NOV08WASHWIS-WASH10,2025-11-09T00:01:37.397967Z,0.12,576,no,71638e3a-bca6-4ae8-88dd-1121975c45df
KXNCAAFSPREAD-25NOV08WASHWIS-WASH10,2025-11-09T00:00:55.351889Z,0.15,581,no,859e52a6-58fb-731a-968c-84c2d4c92149
KXNCAAFSPREAD-25NOV08WASHWIS-WASH10,2025-11-08T23:59:08.750177Z,0.07,89,no,0681c4ba-5bc0-5cae-23ef-68f9b77230b7
KXNCAAFSPREAD-25NOV08WASHWIS-WASH10,2025-11-08T23:58:02.276384Z,0.19,617,no,33aff1c5-e669-470f-381a-0b936d0c165e
KXNCAAFSPREAD-25NOV08WASHWIS-WASH10,2025-11-08T23:51:29.244688Z,0.41,6,yes,ed2149e3-52cb-638a-3273-ac4ee169c1d2
KXNCAAFSPREAD-25NOV08WASHWIS-WASH10,2025-11-08T23:42:32.189298Z,0.52,13,yes,06e36761-068c-4fd3-18e4-c9992b16ec91
KXNCAAFSPREAD-25NOV08WASHWIS-WASH10,2025-11-08T23:33:24.305609Z,0.53,253,no,f74dfb85-029e-5abc-cad5-0affe5682d8d
KXNCAAFSPREAD-25NOV08WASHWIS-WASH10,2025-11-08T23:33:24.305609Z,0.55,100,no,ed1e9918-37cc-5910-e040-cd75d60ca2ec
KXNCAAFSPREAD-25NOV08WASHWIS-WASH10,2025-11-08T23:33:24.305609Z,0.53,100,no,bf97e795-d8cf-5f40-cebb-82baf81490e3
KXNCAAFSPREAD-25NOV08WASHWIS-WASH10,2025-11-08T23:27:36.897516Z,0.61,23,yes,42ef9b59-07b9-7a14-a4cf-b6e1a9fa1297
KXNCAAFSPREAD-25NOV08WASHWIS-WASH10,2025-11-08T23:24:52.590165Z,0.61,252,yes,9ed707fc-5241-6664-d118-302c2ad04e97
KXNCAAFSPREAD-25NOV08WASHWIS-WASH10,2025-11-08T23:24:52.590165Z,0.6,100,yes,1666b12a-e170-6d37-f936-c1bd7f26d9f8
KXNCAAFSPREAD-25NOV08WASHWIS-WASH10,2025-11-08T22:59:00.652381Z,0.61,20,yes,ddaf0b97-b2e7-6179-f7e0-5f8f0b9cae7a
KXNCAAFSPREAD-25NOV08WASHWIS-WASH10,2025-11-08T22:54:42.107562Z,0.62,10,yes,d499f10a-a285-55f3-48e4-427e7154377f
KXNCAAFSPREAD-25NOV08WASHWIS-WASH10,2025-11-08T22:44:28.981836Z,0.55,350,no,622a7648-484e-7b37-434d-6f67df88144a
KXNCAAFSPREAD-25NOV08WASHWIS-WASH10,2025-11-08T22:44:16.291082Z,0.46,10,yes,6c4167c4-429d-4780-a1ad-93aca83755d9
KXNCAAFSPREAD-25NOV08WASHWIS-WASH10,2025-11-08T22:44:16.291082Z,0.47,2,yes,56fb59ee-6330-4716-aad2-0ba72330a8ec
KXNCAAFSPREAD-25NOV08WASHWIS-WASH10,2025-11-08T22:43:23.909209Z,0.36,1,no,8dd95e3d-be17-76d1-cb04-f8c7eff56946
KXNCAAFSPREAD-25NOV08WASHWIS-WASH10,2025-11-08T22:41:14.46277Z,0.36,371,no,fa4c94f3-310e-7ce9-0b2e-ecb10d6f125a
KXNCAAFSPREAD-25NOV08WASHWIS-WASH10,2025-11-08T22:41:14.46277Z,0.39,10,no,25fd327d-bcc5-7f45-2cb7-ad2791a7b8eb
KXNCAAFSPREAD-25NOV08WASHWIS-WASH10,2025-11-08T22:29:49.177742Z,0.37,1000,no,24ed9309-5f13-47b8-07d3-ed00dac25374
KXNCAAFSPREAD-25NOV08WASHWIS-WASH10,2025-11-08T22:29:39.911262Z,0.38,974,no,296b4176-b801-480f-8fbd-d1bcf794d5f7
KXNCAAFSPREAD-25NOV08WASHWIS-WASH10,2025-11-08T22:29:25.949825Z,0.37,974,no,b344d9f4-1e9d-6722-7094-dd5cda7ec92e
KXNCAAFSPREAD-25NOV08WASHWIS-WASH10,2025-11-08T22:28:49.065368Z,0.44,139,yes,a1f13a11-fd07-4533-9d27-2b99140f6cae
KXNCAAFSPREAD-25NOV08WASHWIS-WASH10,2025-11-08T22:28:45.848944Z,0.43,300,yes,d5a125f8-5c16-7560-0c14-0bd0ffcfc238
KXNCAAFSPREAD-25NOV08WASHWIS-WASH10,2025-11-08T22:28:44.937127Z,0.43,300,yes,1a5cf426-fff2-4868-76ee-8243b55a9e40
KXNCAAFSPREAD-25NOV08WASHWIS-WASH10,2025-11-08T22:28:44.531081Z,0.43,300,yes,4acc4dee-f622-6690-2af4-2313f52a0438
KXNCAAFSPREAD-25NOV08WASHWIS-WASH10,2025-11-08T22:28:36.553428Z,0.42,1000,yes,d92388a8-27f0-6bd7-6c54-5eb77658ddfc
KXNCAAFSPREAD-25NOV08WASHWIS-WASH10,2025-11-08T22:28:36.553428Z,0.52,1039,yes,ba970513-fdbf-601f-66f5-75d19c3dcf92
KXNCAAFSPREAD-25NOV08WASHWIS-WASH10,2025-11-08T22:28:36.553428Z,0.42,10,yes,9073a5a7-c32f-65a8-4a87-1ac90411c936
KXNCAAFSPREAD-25NOV08WASHWIS-WASH10,2025-11-08T22:18:31.371666Z,0.41,131,no,d8bbd8ea-e101-73c1-d4ed-5abe0056742f
KXNCAAFSPREAD-25NOV08WASHWIS-WASH10,2025-11-08T22:18:27.191262Z,0.41,18,no,bbb5b6da-17c5-57e5-59fa-c36ad688bfe3
KXNCAAFSPREAD-25NOV08WASHWIS-WASH10,2025-11-08T22:09:06.674439Z,0.42,3,no,eae4965a-4895-72ba-eb2c-fa24e98bd68b
KXNCAAFSPREAD-25NOV08WASHWIS-WASH10,2025-11-08T22:09:06.674439Z,0.41,242,no,7bebee27-c430-7abe-fd3f-2a3c93aa7071
KXNCAAFSPREAD-25NOV08WASHWIS-WASH10,2025-11-08T22:06:28.788453Z,0.46,206,yes,ffac608d-80e2-6c17-f370-118106a2fa97
KXNCAAFSPREAD-25NOV08WASHWIS-WASH10,2025-11-08T21:54:58.559568Z,0.42,21,no,a2a00241-0a11-78b2-91c8-7267d835e633
KXNCAAFSPREAD-25NOV08WASHWIS-WASH10,2025-11-08T21:45:58.079993Z,0.57,68,yes,5e34c289-aa9b-736d-7f98-fe1df3f37c2f
KXNCAAFSPREAD-25NOV08WASHWIS-WASH10,2025-11-08T21:45:26.826123Z,0.56,148,yes,91d4e152-6a6f-6532-f248-ff26daf5d63c
KXNCAAFSPREAD-25NOV08WASHWIS-WASH10,2025-11-08T21:44:52.789937Z,0.58,24,yes,be56eb57-986d-4c75-dd4f-2e0b2b70dca8
KXNCAAFSPREAD-25NOV08WASHWIS-WASH10,2025-11-08T21:44:09.279725Z,0.52,18,yes,e1f625d3-41b6-643e-236e-6162dc2122f8
KXNCAAFSPREAD-25NOV08WASHWIS-WASH10,2025-11-08T21:42:11.248826Z,0.52,188,yes,f64dde02-5776-7e02-9072-96652c41e4d8
KXNCAAFSPREAD-25NOV08WASHWIS-WASH10,2025-11-08T21:38:10.834676Z,0.52,186,yes,785ea441-b216-46ba-1596-abd8beaadad8
KXNCAAFSPREAD-25NOV08WASHWIS-WASH10,2025-11-08T21:37:51.912789Z,0.52,9,yes,396f67e5-372e-64de-838f-db58e6016b6c
KXNCAAFSPREAD-25NOV08WASHWIS-WASH10,2025-11-08T21:36:29.419736Z,0.5,7,no,cfe71a49-d886-604a-5ba5-b2fd29fdeaad
KXNCAAFSPREAD-25NOV08WASHWIS-WASH10,2025-11-08T21:36:05.289577Z,0.51,28,yes,b21071dc-5e14-555b-6265-dc5c9a0015b0
KXNCAAFSPREAD-25NOV08WASHWIS-WASH10,2025-11-08T21:36:03.751656Z,0.5,10,no,eb460638-9a37-77f3-9b4b-546a4e349afe
KXNCAAFSPREAD-25NOV08WASHWIS-WASH10,2025-11-08T21:36:03.751656Z,0.5,176,no,dd2051fd-31f1-73a6-8f2e-b184d540ef4b
KXNCAAFSPREAD-25NOV08WASHWIS-WASH10,2025-11-08T21:36:03.123601Z,0.52,414,yes,dd5088e2-d956-476e-8b4c-829b79fafa3c
KXNCAAFSPREAD-25NOV08WASHWIS-WASH10,2025-11-08T21:36:03.123601Z,0.51,146,yes,9543258f-436d-401d-aa90-0142948478d7
KXNCAAFSPREAD-25NOV08WASHWIS-WASH10,2025-11-08T21:35:27.188572Z,0.51,15,yes,132fe74e-ba2d-5db6-36fe-593aaa53ab41
KXNCAAFSPREAD-25NOV08WASHWIS-WASH10,2025-11-08T21:35:27.188572Z,0.51,3,yes,0004b299-e9f9-5cf5-0e9e-bfdc3975accb
KXNCAAFSPREAD-25NOV08WASHWIS-WASH10,2025-11-08T21:32:30.829989Z,0.52,736,yes,9fabcf41-ed8a-6ffe-f4b1-f249340b1b28
KXNCAAFSPREAD-25NOV08WASHWIS-WASH10,2025-11-08T21:32:30.829989Z,0.51,55,yes,9ce4b813-01e3-6b5d-f6fb-d7024b893dc8
KXNCAAFSPREAD-25NOV08WASHWIS-WASH10,2025-11-08T21:32:07.094798Z,0.51,39,no,767b8435-77f9-4b92-9a73-91398dd3c073
KXNCAAFSPREAD-25NOV08WASHWIS-WASH10,2025-11-08T21:31:30.288979Z,0.52,46,yes,666abf4a-e66a-4e9a-874a-4aa4da53fc2c
KXNCAAFSPREAD-25NOV08WASHWIS-WASH10,2025-11-08T21:30:56.749134Z,0.52,22,yes,9b197698-851a-6dea-ddb5-2037b4853a60
KXNCAAFSPREAD-25NOV08WASHWIS-WASH10,2025-11-08T21:30:46.225574Z,0.52,388,yes,a39d2578-2e07-5a7a-2f31-49b246123710
KXNCAAFSPREAD-25NOV08WASHWIS-WASH10,2025-11-08T21:30:46.225574Z,0.52,13,yes,1dc0d83f-2b8a-5b7e-2b8b-9dbd8458b0e8
KXNCAAFSPREAD-25NOV08WASHWIS-WASH10,2025-11-08T21:29:57.39944Z,0.52,401,yes,aadeadb0-3359-4c2d-14d4-fe70a9a230bb
KXNCAAFSPREAD-25NOV08WASHWIS-WASH10,2025-11-08T21:29:57.39944Z,0.52,32,yes,18134592-3a03-4cce-3e12-6e34f074c2e4
KXNCAAFSPREAD-25NOV08WASHWIS-WASH10,2025-11-08T21:29:45.860396Z,0.52,7,yes,9a9ef178-ffc1-65ed-3588-3daea5b3370b
KXNCAAFSPREAD-25NOV08WASHWIS-WASH10,2025-11-08T21:29:40.368993Z,0.52,31,yes,bcc2fd2a-a2ed-6ead-8562-bc07020685cf
KXNCAAFSPREAD-25NOV08WASHWIS-WASH10,2025-11-08T21:29:30.471663Z,0.51,394,no,1afcbb8a-839b-6277-8c67-35071b5aa427
KXNCAAFSPREAD-25NOV08WASHWIS-WASH10,2025-11-08T21:29:16.470158Z,0.52,93,yes,56127c5c-4e6d-7b15-1b2b-dfe98ca6ed6f
KXNCAAFSPREAD-25NOV08WASHWIS-WASH10,2025-11-08T21:28:25.715107Z,0.52,186,yes,77a47e64-3399-4119-4ea6-eb8de441aa47
KXNCAAFSPREAD-25NOV08WASHWIS-WASH10,2025-11-08T21:25:50.302802Z,0.52,785,yes,dfccf48b-07bd-4b9d-a635-9907bf516ebb
KXNCAAFSPREAD-25NOV08WASHWIS-WASH10,2025-11-08T21:25:40.058052Z,0.52,204,yes,0791b4b8-1d5d-4a09-6168-5ad4af8168eb
KXNCAAFSPREAD-25NOV08WASHWIS-WASH10,2025-11-08T21:25:00.167883Z,0.51,11,no,fd4e2607-973b-5e2b-5097-5cd0dc551783
KXNCAAFSPREAD-25NOV08WASHWIS-WASH10,2025-11-08T21:24:06.854877Z,0.52,186,yes,a7ff57d9-0629-45dd-7cdb-c0d3f66fc1b7
KXNCAAFSPREAD-25NOV08WASHWIS-WASH10,2025-11-08T21:23:39.635132Z,0.52,279,yes,81c8f32c-2329-4fe1-8061-a2a86f9615ff
KXNCAAFSPREAD-25NOV08WASHWIS-WASH10,2025-11-08T21:22:31.183481Z,0.51,102,no,f3c1404f-9427-7c9b-c411-aa7fc294e30f
KXNCAAFSPREAD-25NOV08WASHWIS-WASH10,2025-11-08T21:19:42.531359Z,0.52,148,yes,cba7cce2-d389-4731-f361-e4b0d3cd4b37
KXNCAAFSPREAD-25NOV08WASHWIS-WASH10,2025-11-08T21:18:59.361818Z,0.51,98,no,3dec04d8-340b-603b-db5a-d183bc4de297
KXNCAAFSPREAD-25NOV08WASHWIS-WASH10,2025-11-08T21:18:56.267615Z,0.52,93,yes,5121d36f-a129-6659-aeeb-6448d9a86adf
KXNCAAFSPREAD-25NOV08WASHWIS-WASH10,2025-11-08T21:17:59.577393Z,0.52,186,yes,745ece00-6f3d-4da1-8295-bc0d0a279a83
KXNCAAFSPREAD-25NOV08WASHWIS-WASH10,2025-11-08T21:15:04.981331Z,0.51,469,no,2f453f30-47b0-46bf-3901-780fd1b28451
KXNCAAFSPREAD-25NOV08WASHWIS-WASH10,2025-11-08T21:15:04.981331Z,0.51,417,no,00627993-cb5b-40e3-2b3e-0f89709cd457
KXNCAAFSPREAD-25NOV08WASHWIS-WASH10,2025-11-08T21:14:26.702737Z,0.51,19,no,db6625ed-e224-68ab-6079-7a3dbfd34061
KXNCAAFSPREAD-25NOV08WASHWIS-WASH10,2025-11-08T21:13:51.418322Z,0.52,37,yes,14a3bf73-3005-6c7d-f6c4-a99ebc63e8ff
KXNCAAFSPREAD-25NOV08WASHWIS-WASH10,2025-11-08T21:11:33.626036Z,0.51,68,no,72004463-c258-429b-79bb-839ef5ffa839
KXNCAAFSPREAD-25NOV08WASHWIS-WASH10,2025-11-08T21:08:38.280464Z,0.52,46,yes,c56c8621-8401-539d-c7fd-b003c91c7523
KXNCAAFSPREAD-25NOV08WASHWIS-WASH10,2025-11-08T21:08:20.980489Z,0.52,217,yes,7f1115b5-2e35-5121-095c-f9b3afb65ad7
KXNCAAFSPREAD-25NOV08WASHWIS-WASH10,2025-11-08T21:08:01.263719Z,0.51,39,no,4c08c613-ffac-4edb-35d4-012fec878675
KXNCAAFSPREAD-25NOV08WASHWIS-WASH10,2025-11-08T21:07:44.291872Z,0.52,89,yes,1822369a-9611-7ab1-744c-411dc473fe9b
KXNCAAFSPREAD-25NOV08WASHWIS-WASH10,2025-11-08T21:03:02.920183Z,0.52,55,yes,7f92e387-6cd9-78bd-97c8-0ef252f57087
KXNCAAFSPREAD-25NOV08WASHWIS-WASH10,2025-11-08T21:02:50.382276Z,0.52,9,yes,db6ed6c1-f93d-49e1-0128-b32a8ac2c42f
KXNCAAFSPREAD-25NOV08WASHWIS-WASH10,2025-11-08T20:59:56.164035Z,0.52,11,yes,77f9a91f-d531-7cc5-a4d5-d7831c0e3f8b
KXNCAAFSPREAD-25NOV08WASHWIS-WASH10,2025-11-08T20:57:38.959719Z,0.52,49,yes,8328ec3d-2a11-73b9-c522-930f3b87bd1b
KXNCAAFSPREAD-25NOV08WASHWIS-WASH10,2025-11-08T20:56:48.455855Z,0.52,576,yes,e8ca5452-ee0d-6609-5b6d-d2df6f31c6d3
KXNCAAFSPREAD-25NOV08WASHWIS-WASH10,2025-11-08T20:55:53.873526Z,0.51,15,no,d73e6617-68e8-6acf-0006-0d4e9724bde5
KXNCAAFSPREAD-25NOV08WASHWIS-WASH10,2025-11-08T20:55:46.024414Z,0.51,21,no,02b94d67-f564-64c7-6caa-21948947fe89
KXNCAAFSPREAD-25NOV08WASHWIS-WASH10,2025-11-08T20:52:42.527674Z,0.51,1517,no,ffb66b0f-851d-4a42-ff7f-aa8c46dde19b
KXNCAAFSPREAD-25NOV08WASHWIS-WASH10,2025-11-08T20:52:42.527674Z,0.51,25,no,6a37399a-9e11-4250-e270-67e073160ab7
KXNCAAFSPREAD-25NOV08WASHWIS-WASH10,2025-11-08T20:52:42.527674Z,0.51,4369,no,142d8b46-7f18-4347-e888-337c2e9f0495
KXNCAAFSPREAD-25NOV08WASHWIS-WASH10,2025-11-08T20:51:46.985165Z,0.51,59,no,20a19779-ae1d-6ad2-439f-2419548d7d6f
KXNCAAFSPREAD-25NOV08WASHWIS-WASH10,2025-11-08T20:50:53.287852Z,0.52,37,yes,7a656856-10b1-5249-542c-10ae81400a03
KXNCAAFSPREAD-25NOV08WASHWIS-WASH10,2025-11-08T20:46:49.594111Z,0.52,16,yes,f1fea74e-0d51-4acd-8fa2-9bd2656fabd7
KXNCAAFSPREAD-25NOV08WASHWIS-WASH10,2025-11-08T20:46:05.990098Z,0.52,27,yes,369745ed-e1a1-5479-d01c-fcac6841ee53
KXNCAAFSPREAD-25NOV08WASHWIS-WASH10,2025-11-08T20:45:22.938247Z,0.52,34,yes,b4e7b38d-c655-5d19-624e-a78cfda25db3
KXNCAAFSPREAD-25NOV08WASHWIS-WASH10,2025-11-08T20:44:20.421308Z,0.51,49,no,222b4872-fa25-7736-1306-885c7283271f
KXNCAAFSPREAD-25NOV08WASHWIS-WASH10,2025-11-08T20:43:01.948692Z,0.52,18,yes,240fd7d5-c3b1-5a05-211e-48b5929415bf
KXNCAAFSPREAD-25NOV08WASHWIS-WASH10,2025-11-08T20:41:20.148809Z,0.52,46,yes,3acd05ca-0c19-4bc9-888a-429dcc3d591b
KXNCAAFSPREAD-25NOV08WASHWIS-WASH10,2025-11-08T20:40:38.650487Z,0.51,295,no,73809c5f-bec1-6b56-14ed-e4b623c4eedb
KXNCAAFSPREAD-25NOV08WASHWIS-WASH10,2025-11-08T20:39:21.228485Z,0.52,44,yes,79bb3914-7c0d-4c7d-6406-dd634e681c07
KXNCAAFSPREAD-25NOV08WASHWIS-WASH10,2025-11-08T20:38:58.529124Z,0.52,9,yes,527dc62c-11b1-5999-7257-4a9e62567ecb
KXNCAAFSPREAD-25NOV08WASHWIS-WASH10,2025-11-08T20:36:59.563791Z,0.52,18,yes,d8759935-9d5d-61bd-6261-d4109a4a78ff
KXNCAAFSPREAD-25NOV08WASHWIS-WASH10,2025-11-08T20:36:41.762804Z,0.51,6000,no,38d2af34-82b1-65aa-1858-89967dfc5497
KXNCAAFSPREAD-25NOV08WASHWIS-WASH10,2025-11-08T20:36:31.14285Z,0.52,2999,yes,b7abf18c-90e1-5b11-6071-01a20f583303
KXNCAAFSPREAD-25NOV08WASHWIS-WASH10,2025-11-08T20:36:05.551708Z,0.52,5,yes,71573fa3-0ea5-7ebd-ab18-b4f262186ba7
KXNCAAFSPREAD-25NOV08WASHWIS-WASH10,2025-11-08T20:34:23.053904Z,0.52,107,yes,8605b6e5-cbd9-5995-5feb-ded3952b298b
KXNCAAFSPREAD-25NOV08WASHWIS-WASH10,2025-11-08T20:33:48.271461Z,0.51,29,no,b294a0a5-aa25-5d32-93e4-be4b94951023
KXNCAAFSPREAD-25NOV08WASHWIS-WASH10,2025-11-08T20:32:47.746206Z,0.53,18,yes,46907d75-a57c-5370-48ec-290a5adb8c98
KXNCAAFSPREAD-25NOV08WASHWIS-WASH10,2025-11-08T20:29:51.427262Z,0.51,1,no,0ab8126b-c0d9-5d1e-8ac7-5e02161adff7
KXNCAAFSPREAD-25NOV08WASHWIS-WASH10,2025-11-08T20:28:19.359078Z,0.51,788,no,8c064de8-5aad-6d3a-96ac-d3b71e23fd47
KXNCAAFSPREAD-25NOV08WASHWIS-WASH10,2025-11-08T20:26:22.099451Z,0.51,163,no,862f3eff-a67d-76d6-a6f4-d51548c1fa1b
KXNCAAFSPREAD-25NOV08WASHWIS-WASH10,2025-11-08T20:24:46.294579Z,0.52,1,yes,a82ebb6c-9671-54cd-759f-8056dcd0306c
KXNCAAFSPREAD-25NOV08WASHWIS-WASH10,2025-11-08T20:24:46.294579Z,0.53,17,yes,5cd5124a-0cc4-5f38-51aa-789819063c2c
KXNCAAFSPREAD-25NOV08WASHWIS-WASH10,2025-11-08T20:24:44.903609Z,0.51,21,no,f62b34e9-ef05-4aca-2946-a465e8a52b6f
KXNCAAFSPREAD-25NOV08WASHWIS-WASH10,2025-11-08T20:23:05.74128Z,0.51,9,no,e5f38ba3-d94d-5afa-ecc6-f09d366e6efb
KXNCAAFSPREAD-25NOV08WASHWIS-WASH10,2025-11-08T20:21:55.732542Z,0.52,9,yes,f503ef07-5f09-57ad-8a4a-a24c1eef883c
KXNCAAFSPREAD-25NOV08WASHWIS-WASH10,2025-11-08T20:13:01.916166Z,0.52,152,yes,5462fd3a-a3b5-44ad-b4d7-187e65811f64
KXNCAAFSPREAD-25NOV08WASHWIS-WASH10,2025-11-08T20:08:07.25411Z,0.51,98,no,357a7b8d-1cad-661a-63ad-cd2d41e26cf7
KXNCAAFSPREAD-25NOV08WASHWIS-WASH10,2025-11-08T20:06:34.543355Z,0.52,9,yes,3e14b06d-aec5-680d-14cb-3ca5fdf09540
KXNCAAFSPREAD-25NOV08WASHWIS-WASH10,2025-11-08T20:02:22.18713Z,0.52,9,yes,50da89e5-4549-6a6d-ded8-53e59e9a7d18
KXNCAAFSPREAD-25NOV08WASHWIS-WASH10,2025-11-08T20:01:15.790883Z,0.52,20,no,d801f495-4f27-7e19-7548-dcfbfb708679
KXNCAAFSPREAD-25NOV08WASHWIS-WASH10,2025-11-08T20:00:48.032198Z,0.52,451,yes,5f028b5c-fd6a-7910-2ecc-077d4ddc92df
KXNCAAFSPREAD-25NOV08WASHWIS-WASH10,2025-11-08T20:00:48.032198Z,0.53,1383,yes,328abb21-cb5c-7408-1f51-09a3d8defc00
KXNCAAFSPREAD-25NOV08WASHWIS-WASH10,2025-11-08T19:59:57.095001Z,0.52,93,yes,fc5f2b3a-6e92-6bb0-c0fb-e97a8e9d8f6b
KXNCAAFSPREAD-25NOV08WASHWIS-WASH10,2025-11-08T19:59:26.511913Z,0.52,9,yes,75d388d8-85da-6b80-4f7a-53aae286f50f
KXNCAAFSPREAD-25NOV08WASHWIS-WASH10,2025-11-08T19:55:34.570768Z,0.52,91,yes,abfdb66d-ce36-6e5c-2df2-69d5a20aef43
KXNCAAFSPREAD-25NOV08WASHWIS-WASH10,2025-11-08T19:54:50.942091Z,0.51,49,no,5ac22f34-5121-70aa-4dea-03230ff3ad6b
KXNCAAFSPREAD-25NOV08WASHWIS-WASH10,2025-11-08T19:53:52.25207Z,0.52,87,yes,5d6af59d-9b86-6850-076f-20b35cf4c823
KXNCAAFSPREAD-25NOV08WASHWIS-WASH10,2025-11-08T19:53:01.994908Z,0.52,89,yes,080be903-c656-45d4-faea-2dcc5c45876b
KXNCAAFSPREAD-25NOV08WASHWIS-WASH10,2025-11-08T19:52:15.851677Z,0.52,279,yes,f8467688-1796-5cf8-a6bc-84f0101655c3
KXNCAAFSPREAD-25NOV08WASHWIS-WASH10,2025-11-08T19:51:17.821344Z,0.51,187,no,dba302ac-6845-482e-ded3-3b8decb7c777
KXNCAAFSPREAD-25NOV08WASHWIS-WASH10,2025-11-08T19:51:07.391529Z,0.52,46,yes,b28d292b-801a-7ccc-3140-39dbaf245d43
KXNCAAFSPREAD-25NOV08WASHWIS-WASH10,2025-11-08T19:50:15.264881Z,0.51,236,no,e18224b7-cd75-4876-3dee-569a4ab52aa7
KXNCAAFSPREAD-25NOV08WASHWIS-WASH10,2025-11-08T19:48:54.993022Z,0.52,13,yes,a6795336-f4b6-6d38-371d-b98d99379e2b
KXNCAAFSPREAD-25NOV08WASHWIS-WASH10,2025-11-08T19:47:03.117229Z,0.52,46,yes,b067ba89-ed1a-64f0-3c8a-95ccca4aaffb
KXNCAAFSPREAD-25NOV08WASHWIS-WASH10,2025-11-08T19:44:53.045236Z,0.51,39,no,f5b8212a-6abd-6636-406b-8a4f406ca853
KXNCAAFSPREAD-25NOV08WASHWIS-WASH10,2025-11-08T19:41:36.780741Z,0.51,216,no,bb8a2f2d-0109-7396-ee4e-b54f439d8c7f
KXNCAAFSPREAD-25NOV08WASHWIS-WASH10,2025-11-08T19:36:29.539669Z,0.52,372,yes,69d40e91-33ea-75c4-6c4d-bb326b27d813
KXNCAAFSPREAD-25NOV08WASHWIS-WASH10,2025-11-08T19:29:40.231096Z,0.52,5,yes,c2e4ec92-02da-79cc-3601-ca4eefcf2497
KXNCAAFSPREAD-25NOV08WASHWIS-WASH10,2025-11-08T19:27:28.036007Z,0.51,9,no,1d96076f-29a9-4eea-b082-d22e7a99e63f
KXNCAAFSPREAD-25NOV08WASHWIS-WASH10,2025-11-08T19:17:24.663197Z,0.52,18,yes,e61e19a0-a736-6684-0b32-e1b33c9c81f7
KXNCAAFSPREAD-25NOV08WASHWIS-WASH10,2025-11-08T19:17:14.509052Z,0.51,5,no,305d1b3c-94b5-6f6e-f720-76b60b5e6737
KXNCAAFSPREAD-25NOV08WASHWIS-WASH10,2025-11-08T19:16:19.469875Z,0.52,10,yes,d6276613-6ada-79a0-379d-41f4f26bafcb
KXNCAAFSPREAD-25NOV08WASHWIS-WASH10,2025-11-08T19:13:58.548855Z,0.52,238,yes,ea1021ba-00f6-4c24-e12c-3b27eeec2fdf
KXNCAAFSPREAD-25NOV08WASHWIS-WASH10,2025-11-08T19:13:22.011626Z,0.51,9,no,3ccb3781-796d-5b42-e1b1-81663881cf1f
KXNCAAFSPREAD-25NOV08WASHWIS-WASH10,2025-11-08T19:10:58.580093Z,0.52,93,yes,2ce95bf5-ea72-669c-d139-15734f134f07
KXNCAAFSPREAD-25NOV08WASHWIS-WASH10,2025-11-08T19:03:56.416944Z,0.52,1069,yes,95c88a86-cfb2-5704-c189-fa730e8fbbd3
KXNCAAFSPREAD-25NOV08WASHWIS-WASH10,2025-11-08T19:02:02.657157Z,0.51,49,no,0a329a45-26d9-669a-24a5-6c42e827a8ef
KXNCAAFSPREAD-25NOV08WASHWIS-WASH10,2025-11-08T19:01:53.583426Z,0.52,85,yes,e5af9c60-ebb2-4a94-e89a-0bb0be9e67bf
KXNCAAFSPREAD-25NOV08WASHWIS-WASH10,2025-11-08T19:01:18.23768Z,0.52,1860,yes,5a09db8b-236a-6c50-d91d-709cb79a78b3
KXNCAAFSPREAD-25NOV08WASHWIS-WASH10,2025-11-08T18:59:33.292697Z,0.52,46,yes,7af50375-aaca-7fc0-23c4-612fcfe6a3cb
KXNCAAFSPREAD-25NOV08WASHWIS-WASH10,2025-11-08T18:53:39.519358Z,0.53,18,yes,815a6143-0eec-5fc8-b578-d4b249975064
KXNCAAFSPREAD-25NOV08WASHWIS-WASH10,2025-11-08T18:52:24.441583Z,0.51,49,no,0a3f4b93-7f41-64a6-a333-cf05aaa63973
KXNCAAFSPREAD-25NOV08WASHWIS-WASH10,2025-11-08T18:50:41.2385Z,0.53,9,yes,94b6856c-efb4-6d40-ce81-932a65ed7334
KXNCAAFSPREAD-25NOV08WASHWIS-WASH10,2025-11-08T18:41:36.88999Z,0.53,36,yes,4d5becbd-07f8-5cac-877e-1d02712e9bd4
KXNCAAFSPREAD-25NOV08WASHWIS-WASH10,2025-11-08T18:39:31.569973Z,0.53,18,yes,6d92b72b-3528-6868-16de-85cae642e1b0
KXNCAAFSPREAD-25NOV08WASHWIS-WASH10,2025-11-08T18:38:54.029896Z,0.53,36,yes,17f72681-fef4-4c50-8484-6dcba6be808c
KXNCAAFSPREAD-25NOV08WASHWIS-WASH10,2025-11-08T18:38:46.759237Z,0.53,18,yes,35256b44-e030-7e3c-0e69-45a1b42fb738
KXNCAAFSPREAD-25NOV08WASHWIS-WASH10,2025-11-08T18:38:34.021224Z,0.53,2,yes,b931d968-9bdc-5a38-46a6-0c2ef9ba9894
KXNCAAFSPREAD-25NOV08WASHWIS-WASH10,2025-11-08T18:37:53.702968Z,0.51,98,no,0e2ecb4e-5245-4202-09ed-5213a826370b
KXNCAAFSPREAD-25NOV08WASHWIS-WASH10,2025-11-08T18:35:59.920644Z,0.53,3,yes,1e288cd2-ba30-6794-9fd7-ee4714378d80
KXNCAAFSPREAD-25NOV08WASHWIS-WASH10,2025-11-08T18:34:34.154811Z,0.53,4,yes,4916a7c5-2698-5f9c-f8f9-d8e1e93d1b2c
KXNCAAFSPREAD-25NOV08WASHWIS-WASH10,2025-11-08T18:31:44.30379Z,0.53,18,yes,061547e5-b104-5d40-e2c5-8fdeacddbd40
KXNCAAFSPREAD-25NOV08WASHWIS-WASH10,2025-11-08T18:30:10.958638Z,0.53,9,yes,293a71cb-8084-7448-0307-dae2664425b8
KXNCAAFSPREAD-25NOV08WASHWIS-WASH10,2025-11-08T18:25:59.890387Z,0.51,25,no,85c69cf9-eb10-4afc-ccc5-c5e14a23c332
KXNCAAFSPREAD-25NOV08WASHWIS-WASH10,2025-11-08T18:25:59.890387Z,0.51,24,no,326edecf-d7ed-4616-f192-07001b0cecab
KXNCAAFSPREAD-25NOV08WASHWIS-WASH10,2025-11-08T18:18:40.765354Z,0.52,55,yes,edd3fe03-7a07-6b10-697b-d61a16d32687
KXNCAAFSPREAD-25NOV08WASHWIS-WASH10,2025-11-08T18:10:55.117449Z,0.52,15,yes,8e1cad23-7f13-6b3c-6faa-7dcf81e4559f
KXNCAAFSPREAD-25NOV08WASHWIS-WASH10,2025-11-08T18:03:24.200867Z,0.52,5,yes,a3c8a4ef-f6b2-4373-6963-8d7cc8a6784b
KXNCAAFSPREAD-25NOV08WASHWIS-WASH10,2025-11-08T18:03:11.227471Z,0.52,93,yes,0d869743-7f22-5f8b-b41b-fcad1b83e9fb
KXNCAAFSPREAD-25NOV08WASHWIS-WASH10,2025-11-08T17:56:23.127258Z,0.52,54,yes,1ca910b4-1632-764b-0240-beb547efa39f
KXNCAAFSPREAD-25NOV08WASHWIS-WASH10,2025-11-08T17:49:10.787814Z,0.52,37,yes,0c897e1d-ade6-4613-d674-538041ee1927
KXNCAAFSPREAD-25NOV08WASHWIS-WASH10,2025-11-08T17:35:46.94231Z,0.52,37,yes,bc5e2d9d-ebf6-5dbb-d1ae-f9311df957f7
KXNCAAFSPREAD-25NOV08WASHWIS-WASH10,2025-11-08T17:25:35.262548Z,0.52,9,yes,c93cbba5-7290-476c-f2c5-906332a80c9f
KXNCAAFSPREAD-25NOV08WASHWIS-WASH10,2025-11-08T17:19:05.563525Z,0.52,139,yes,f220d132-8670-79bc-752f-a384a60f913f
KXNCAAFSPREAD-25NOV08WASHWIS-WASH10,2025-11-08T17:10:46.163848Z,0.52,9,yes,be976601-650c-59ac-1a61-c70c98296117
KXNCAAFSPREAD-25NOV08WASHWIS-WASH10,2025-11-08T17:01:34.959501Z,0.52,38,yes,d87a50c8-1534-4280-ae20-354418a570db
KXNCAAFSPREAD-25NOV08WASHWIS-WASH10,2025-11-08T17:00:33.504342Z,0.52,2500,yes,d7ea25f9-a294-68a4-7476-0d0a98c40249
KXNCAAFSPREAD-25NOV08WASHWIS-WASH10,2025-11-08T17:00:33.504342Z,0.52,100,yes,b868a4eb-7c69-6953-7987-5dfecf7dfdcf
KXNCAAFSPREAD-25NOV08WASHWIS-WASH10,2025-11-08T17:00:33.504342Z,0.52,25,yes,5cdc951a-8477-6668-6656-6a53f24d7a92
KXNCAAFSPREAD-25NOV08WASHWIS-WASH10,2025-11-08T17:00:33.504342Z,0.52,1200,yes,3c6f3beb-2c24-6095-61f1-c0aa93861029
KXNCAAFSPREAD-25NOV08WASHWIS-WASH10,2025-11-08T17:00:33.504342Z,0.51,154,yes,16ec4326-e891-6a69-4086-01e709753a44
KXNCAAFSPREAD-25NOV08WASHWIS-WASH10,2025-11-08T17:00:33.504342Z,0.52,675,yes,134aa5f2-f88e-640f-58e7-4215e69c1e95
KXNCAAFSPREAD-25NOV08WASHWIS-WASH10,2025-11-08T16:56:03.121084Z,0.51,3,yes,38213293-5861-710d-ac8e-55151b34d160
KXNCAAFSPREAD-25NOV08WASHWIS-WASH10,2025-11-08T16:55:27.391641Z,0.51,10,yes,8fe19998-990d-6e55-e1ca-e19dfc832a40
KXNCAAFSPREAD-25NOV08WASHWIS-WASH10,2025-11-08T16:52:59.472249Z,0.51,9,yes,6847d8ad-536d-4e39-b958-ca6a56eddc24
KXNCAAFSPREAD-25NOV08WASHWIS-WASH10,2025-11-08T16:52:48.79132Z,0.51,28,yes,ffab95c4-7e29-7909-0de5-5020335f6c84
KXNCAAFSPREAD-25NOV08WASHWIS-WASH10,2025-11-08T16:50:50.071025Z,0.52,18,yes,4a89f3cf-bc3e-4e83-49bd-420c983c8229
KXNCAAFSPREAD-25NOV08WASHWIS-WASH10,2025-11-08T16:44:36.729554Z,0.52,18,yes,bb2ac44b-24ca-4113-36c7-a148b3010ec5
KXNCAAFSPREAD-25NOV08WASHWIS-WASH10,2025-11-08T16:43:31.28711Z,0.52,9,yes,5b598cbf-e6fe-7d1f-3e6f-8c4f3c7f824d
KXNCAAFSPREAD-25NOV08WASHWIS-WASH10,2025-11-08T16:42:10.288705Z,0.5,19,no,2db60eac-15b3-586c-45d6-14d8f1af3a14
KXNCAAFSPREAD-25NOV08WASHWIS-WASH10,2025-11-08T16:33:00.413283Z,0.52,36,yes,3373b05a-7442-6203-11f7-d5e19485a4b9
KXNCAAFSPREAD-25NOV08WASHWIS-WASH10,2025-11-08T16:30:13.23243Z,0.52,186,yes,bf5508d6-cc7a-47ff-6229-81e862a3f591
KXNCAAFSPREAD-25NOV08WASHWIS-WASH10,2025-11-08T16:24:16.184687Z,0.52,2261,yes,8cdd2141-f386-599f-6c44-cf20df1b27c5
KXNCAAFSPREAD-25NOV08WASHWIS-WASH10,2025-11-08T16:24:16.184687Z,0.52,64,yes,46c9c5f0-0a28-52e5-44d1-e4aa2c47be7d
KXNCAAFSPREAD-25NOV08WASHWIS-WASH10,2025-11-08T16:21:36.033895Z,0.52,18,yes,ed05237e-ef6c-48bd-eb27-925edbffac79
KXNCAAFSPREAD-25NOV08WASHWIS-WASH10,2025-11-08T16:20:36.238092Z,0.52,46,yes,3b962ff0-2fa8-5325-d255-bf905f7282e1
KXNCAAFSPREAD-25NOV08WASHWIS-WASH10,2025-11-08T16:17:58.612614Z,0.52,3,yes,a456562c-1190-6059-d1f4-27824bedf181
KXNCAAFSPREAD-25NOV08WASHWIS-WASH10,2025-11-08T16:12:53.224516Z,0.5,1,no,74f31c37-a13b-6168-84c7-7695fcb08c80
KXNCAAFSPREAD-25NOV08WASHWIS-WASH10,2025-11-08T16:10:23.279121Z,0.52,18,yes,42c0bbdd-fac8-6a75-8863-bac30e06ff2d
KXNCAAFSPREAD-25NOV08WASHWIS-WASH10,2025-11-08T16:03:01.621946Z,0.5,579,no,ab6dc259-8667-47e0-2d88-7b3386878738
KXNCAAFSPREAD-25NOV08WASHWIS-WASH10,2025-11-08T15:58:25.47974Z,0.5,57,no,1d5d5e88-6f0b-68b8-5c66-581d6dda188c
KXNCAAFSPREAD-25NOV08WASHWIS-WASH10,2025-11-08T15:53:58.263587Z,0.5,19,no,fbc2e4c9-425f-648c-0c5a-1db759604930
KXNCAAFSPREAD-25NOV08WASHWIS-WASH10,2025-11-08T15:51:33.353853Z,0.52,18,yes,237f0a62-b654-6dc9-c816-d48ba52bf1dd
KXNCAAFSPREAD-25NOV08WASHWIS-WASH10,2025-11-08T15:43:11.956766Z,0.51,13,yes,c23d109c-3af9-6b25-b60b-8ffb84b46565
KXNCAAFSPREAD-25NOV08WASHWIS-WASH10,2025-11-08T15:43:11.956766Z,0.52,33,yes,72970d5e-3784-6671-8b5c-94f43ac7bf85
KXNCAAFSPREAD-25NOV08WASHWIS-WASH10,2025-11-08T15:30:15.977872Z,0.5,1,no,b6ca564f-9d77-4598-5ab7-d373c7c936d0
KXNCAAFSPREAD-25NOV08WASHWIS-WASH10,2025-11-08T15:30:02.342577Z,0.5,1,no,171516d6-7427-41f4-48c4-1c0c7d755b24
KXNCAAFSPREAD-25NOV08WASHWIS-WASH10,2025-11-08T15:28:29.666182Z,0.51,9,yes,d53229c1-def1-57e9-acf0-12e6eab12a91
KXNCAAFSPREAD-25NOV08WASHWIS-WASH10,2025-11-08T15:07:45.260492Z,0.51,37,yes,d23035e8-0295-4059-505e-d5912c139ef1
KXNCAAFSPREAD-25NOV08WASHWIS-WASH10,2025-11-08T14:54:08.029229Z,0.5,850,no,47a37afc-40ab-432c-d81c-78b2d6a26ef4
KXNCAAFSPREAD-25NOV08WASHWIS-WASH10,2025-11-08T14:53:08.458737Z,0.51,5,yes,297e1483-7fb5-5ea9-19af-f5baf7fcefc9
KXNCAAFSPREAD-25NOV08WASHWIS-WASH10,2025-11-08T14:50:21.694931Z,0.51,9,yes,f150bf13-b195-5eb9-4fba-f7f9e1319d39
KXNCAAFSPREAD-25NOV08WASHWIS-WASH10,2025-11-08T14:48:36.015903Z,0.51,20,yes,5f4e1eb3-8125-7ff1-11a3-82775c9d9761
KXNCAAFSPREAD-25NOV08WASHWIS-WASH10,2025-11-08T14:44:52.435296Z,0.51,18,yes,3da3b2e6-a4ed-614d-cdd6-010044bb2d05
KXNCAAFSPREAD-25NOV08WASHWIS-WASH10,2025-11-08T14:32:12.628567Z,0.5,38,no,7428ccee-4c87-5400-35f9-08fb6157d828
KXNCAAFSPREAD-25NOV08WASHWIS-WASH10,2025-11-08T14:23:20.787393Z,0.5,386,no,df9648a0-13bb-7798-6175-277499ac19ec
KXNCAAFSPREAD-25NOV08WASHWIS-WASH10,2025-11-08T14:05:00.805294Z,0.5,19,no,9b2764a1-f797-5c84-700b-830f29b6072c
KXNCAAFSPREAD-25NOV08WASHWIS-WASH10,2025-11-08T14:02:22.28393Z,0.51,189,yes,15cb3ca4-7115-64d0-de4d-12c8274fdf26
KXNCAAFSPREAD-25NOV08WASHWIS-WASH10,2025-11-08T14:01:44.957822Z,0.51,379,yes,1ff07559-d059-7280-e51a-c56f30534ebe
KXNCAAFSPREAD-25NOV08WASHWIS-WASH10,2025-11-08T14:00:35.566481Z,0.51,18,yes,6e4e86f5-4d05-725c-0aea-9e7459a7ffc2
KXNCAAFSPREAD-25NOV08WASHWIS-WASH10,2025-11-08T14:00:04.827354Z,0.51,6,yes,ab2109b0-faa3-40d3-0768-335ad9ac8143
KXNCAAFSPREAD-25NOV08WASHWIS-WASH10,2025-11-08T14:00:04.827354Z,0.51,14,yes,37484855-4590-4e75-1ce6-193002045522
KXNCAAFSPREAD-25NOV08WASHWIS-WASH10,2025-11-08T13:57:02.805377Z,0.51,75,yes,68c69edb-393b-702b-5259-cd9e86010c9f
KXNCAAFSPREAD-25NOV08WASHWIS-WASH10,2025-11-08T13:53:14.542864Z,0.51,94,yes,3e354131-dcdf-7fd3-d7cc-a4eb219e87df
KXNCAAFSPREAD-25NOV08WASHWIS-WASH10,2025-11-08T13:48:48.807104Z,0.5,25,no,56ebc846-8acf-60ec-4edc-90db0c7cdf58
KXNCAAFSPREAD-25NOV08WASHWIS-WASH10,2025-11-08T13:46:26.929489Z,0.5,50,no,70ccc219-da07-4b04-b80c-52d0d93be340
KXNCAAFSPREAD-25NOV08WASHWIS-WASH10,2025-11-08T13:43:23.87525Z,0.51,25,yes,f3b2eb85-a013-7d9f-4efb-554c193af8b3
KXNCAAFSPREAD-25NOV08WASHWIS-WASH10,2025-11-08T13:43:23.87525Z,0.51,200,yes,f318b7c0-47c2-76bd-4ef7-2e2453b43f1f
KXNCAAFSPREAD-25NOV08WASHWIS-WASH10,2025-11-08T12:30:57.670883Z,0.52,9,yes,6a775259-7e07-6f14-1c2b-8f8e8a32af48
KXNCAAFSPREAD-25NOV08WASHWIS-WASH10,2025-11-08T12:13:21.969659Z,0.52,27,yes,3d8b3ef1-eb93-6150-40f8-3fe310ff15d0
KXNCAAFSPREAD-25NOV08WASHWIS-WASH10,2025-11-08T10:54:12.658876Z,0.52,5,yes,82cb2809-73f7-6dc0-2c45-3a5a79de2830
KXNCAAFSPREAD-25NOV08WASHWIS-WASH10,2025-11-08T09:20:07.601574Z,0.52,3,yes,fd32eb30-6b2b-4d38-6b6d-0fb2fc3661f8
KXNCAAFSPREAD-25NOV08WASHWIS-WASH10,2025-11-08T08:59:34.436973Z,0.52,103,yes,46d9fe94-d80f-50dc-db10-6da0be4a1130
KXNCAAFSPREAD-25NOV08WASHWIS-WASH10,2025-11-08T08:53:17.841656Z,0.52,93,yes,2aaf1068-49b7-50c4-0879-e8742c2e04cc
KXNCAAFSPREAD-25NOV08WASHWIS-WASH10,2025-11-08T07:56:01.061521Z,0.52,40,yes,fdcdeb30-9f3b-4820-7486-bd6e50c60aa8
KXNCAAFSPREAD-25NOV08WASHWIS-WASH10,2025-11-08T07:45:55.588146Z,0.52,10,yes,bf988f25-eeaf-45cc-c0e2-c9896d816a68
KXNCAAFSPREAD-25NOV08WASHWIS-WASH10,2025-11-08T07:07:34.827509Z,0.52,93,yes,f96c1072-a1cf-6010-f799-217bbc4aec18
KXNCAAFSPREAD-25NOV08WASHWIS-WASH10,2025-11-08T06:58:50.937102Z,0.5,208,no,8774bd9c-312b-769c-0a50-e97bd1829bac
KXNCAAFSPREAD-25NOV08WASHWIS-WASH10,2025-11-08T06:21:18.457232Z,0.52,30,yes,d5320103-d7b7-7b10-0155-04e98840b7dc
KXNCAAFSPREAD-25NOV08WASHWIS-WASH10,2025-11-08T06:08:24.02085Z,0.52,186,yes,ee7ce48a-3cdf-4ff0-2a76-aa81093c9ac4
KXNCAAFSPREAD-25NOV08WASHWIS-WASH10,2025-11-08T06:07:40.884476Z,0.52,2,yes,1e4f9c24-c023-5824-c99e-02c91a96967c
KXNCAAFSPREAD-25NOV08WASHWIS-WASH10,2025-11-08T06:06:37.905982Z,0.53,182,yes,110ec319-f12c-66b8-58d5-7c86e0bcd504
KXNCAAFSPREAD-25NOV08WASHWIS-WASH10,2025-11-08T05:49:37.057244Z,0.53,18,yes,e07cca69-015c-6c6c-d145-d22a44da7c30
KXNCAAFSPREAD-25NOV08WASHWIS-WASH10,2025-11-08T05:48:08.531556Z,0.5,19,no,bc806556-98c3-7998-9bff-60aa8d5b6ab4
KXNCAAFSPREAD-25NOV08WASHWIS-WASH10,2025-11-08T05:26:19.768274Z,0.5,11,no,9265cdbd-0f7f-697c-f1fe-93d94826c428
KXNCAAFSPREAD-25NOV08WASHWIS-WASH10,2025-11-08T05:22:06.576183Z,0.51,41,yes,d01e0165-d311-6177-2fad-2d9b3b0a9ba0
KXNCAAFSPREAD-25NOV08WASHWIS-WASH10,2025-11-08T05:22:06.576183Z,0.53,6,yes,33235bb5-a5ec-6724-1726-96148ad8c390
KXNCAAFSPREAD-25NOV08WASHWIS-WASH10,2025-11-08T04:59:11.112079Z,0.53,54,yes,8ace4e0d-93f1-47e0-0566-ea8ffd9d3e2b
KXNCAAFSPREAD-25NOV08WASHWIS-WASH10,2025-11-08T04:59:11.112079Z,0.53,128,yes,7f4b268f-1608-46d4-3cbe-64ecdaa0b888
KXNCAAFSPREAD-25NOV08WASHWIS-WASH10,2025-11-08T04:17:11.900441Z,0.53,36,yes,2f7212fd-5151-595c-db3e-99a57769200f
KXNCAAFSPREAD-25NOV08WASHWIS-WASH10,2025-11-08T04:03:56.822693Z,0.5,38,no,f27092a4-b21f-6c74-5600-2e5cb8ae70e4
KXNCAAFSPREAD-25NOV08WASHWIS-WASH10,2025-11-08T03:45:18.396989Z,0.5,11,no,c07ae21f-edd7-69d0-76ed-4c6c33d0a0bc
KXNCAAFSPREAD-25NOV08WASHWIS-WASH10,2025-11-08T03:35:00.041182Z,0.5,386,no,9038c3df-6ae7-54ec-c90a-aab524f0ff1c
KXNCAAFSPREAD-25NOV08WASHWIS-WASH10,2025-11-08T03:32:27.924146Z,0.53,18,yes,d9584c5d-dba9-5cb0-987e-6b0e5e655e47
KXNCAAFSPREAD-25NOV08WASHWIS-WASH10,2025-11-08T03:31:37.014876Z,0.5,39,no,a5a2369a-d38f-4d34-0adb-fcdc1aebcc64
KXNCAAFSPREAD-25NOV08WASHWIS-WASH10,2025-11-08T03:11:01.588611Z,0.52,217,yes,e8deb525-9e82-6608-4660-3ab876e0a550
KXNCAAFSPREAD-25NOV08WASHWIS-WASH10,2025-11-08T03:05:16.237528Z,0.5,193,no,8db43a34-a7df-52e0-f733-f1ac22139e90
KXNCAAFSPREAD-25NOV08WASHWIS-WASH10,2025-11-08T02:44:51.539541Z,0.5,9,no,8ec3f74c-16c3-68ac-9f35-002526a88e54
KXNCAAFSPREAD-25NOV08WASHWIS-WASH10,2025-11-08T02:29:47.081936Z,0.52,93,yes,155d1a38-3b5e-4f44-bec3-527fe966543c
KXNCAAFSPREAD-25NOV08WASHWIS-WASH10,2025-11-08T02:07:53.95185Z,0.5,193,no,aebf1f9d-9737-5140-e77e-7861bc7e711c
KXNCAAFSPREAD-25NOV08WASHWIS-WASH10,2025-11-08T01:56:06.183604Z,0.5,100,no,c3601078-bb93-783c-fb84-c9b56a163dc4
KXNCAAFSPREAD-25NOV08WASHWIS-WASH10,2025-11-08T01:54:48.728816Z,0.51,41,yes,59a95596-c45e-4f61-3f9a-4bca19d383b3
KXNCAAFSPREAD-25NOV08WASHWIS-WASH10,2025-11-08T01:54:48.728816Z,0.52,6,yes,36785da9-acce-4d50-036b-b57106e01390
KXNCAAFSPREAD-25NOV08WASHWIS-WASH10,2025-11-08T01:24:02.3034Z,0.5,48,no,282ffb2f-0e47-40dc-7388-9420c2d0e4d0
KXNCAAFSPREAD-25NOV08WASHWIS-WASH10,2025-11-08T00:50:00.303101Z,0.52,7,yes,9bf5cf1c-8ee2-7418-89eb-99be1c505f34
KXNCAAFSPREAD-25NOV08WASHWIS-WASH10,2025-11-08T00:39:07.094696Z,0.5,19,no,2549f6a5-1c53-5518-7add-ad48e0b64b30
KXNCAAFSPREAD-25NOV08WASHWIS-WASH10,2025-11-08T00:29:24.591167Z,0.5,19,no,bfba25d0-04f3-5c5c-6bcc-378aa2180ddc
KXNCAAFSPREAD-25NOV08WASHWIS-WASH10,2025-11-08T00:25:15.525895Z,0.5,9,no,97163b58-21fb-4d08-ee15-5d8fd00e308c
KXNCAAFSPREAD-25NOV08WASHWIS-WASH10,2025-11-07T23:51:55.642454Z,0.52,205,yes,8d9dca52-a832-5308-53e2-ce5aebda28ac
KXNCAAFSPREAD-25NOV08WASHWIS-WASH10,2025-11-07T23:08:53.109069Z,0.52,18,yes,6f8a850d-04ae-6e68-d5af-2e332a4d1e88
KXNCAAFSPREAD-25NOV08WASHWIS-WASH10,2025-11-07T22:53:20.848875Z,0.52,15,yes,c5c1dfe7-82e2-4be0-2852-22de1d58f97c
KXNCAAFSPREAD-25NOV08WASHWIS-WASH10,2025-11-07T22:27:27.42969Z,0.5,3,no,7142aeaf-4c09-41f2-fd7e-2fe5325e81ba
KXNCAAFSPREAD-25NOV08WASHWIS-WASH10,2025-11-07T21:10:06.670322Z,0.52,18,yes,388777b7-c55e-527a-d46a-27e5a4dae5aa
KXNCAAFSPREAD-25NOV08WASHWIS-WASH10,2025-11-07T21:09:49.997079Z,0.49,18,no,fbcc8a24-4633-6497-0c8d-bec3bc9dab37
