ticker,created_time,price,count,taker_side,trade_id
KXNCAAFTOTAL-25NOV08TXAMMIZZ-36,2025-11-08T23:51:46.897191Z,0.99,61,no,6b873250-f1d6-5398-0939-bbc9f0a116a4
KXNCAAFTOTAL-25NOV08TXAMMIZZ-36,2025-11-08T23:50:17.678504Z,0.99,13,no,e690d7e6-3cde-5af0-8ebf-e539a6945cb4
KXNCAAFTOTAL-25NOV08TXAMMIZZ-36,2025-11-08T23:39:02.746529Z,0.99,88,no,0253c906-daca-4048-2c6f-6c9c684c67ac
KXNCAAFTOTAL-25NOV08TXAMMIZZ-36,2025-11-08T23:33:59.44807Z,0.99,121,no,957c1b8f-71e2-5d0c-ad76-49c3e59470cc
KXNCAAFTOTAL-25NOV08TXAMMIZZ-36,2025-11-08T23:33:49.963613Z,0.99,99,no,c537e2dc-ab06-4160-aece-8ff4db6b6f74
KXNCAAFTOTAL-25NOV08TXAMMIZZ-36,2025-11-08T23:33:39.938579Z,0.99,400,yes,3ab2775d-0c02-7821-5b5f-d16919019016
KXNCAAFTOTAL-25NOV08TXAMMIZZ-36,2025-11-08T23:33:32.38801Z,0.99,300,yes,9e9104f3-309e-7366-aa47-19458eb3f79e
KXNCAAFTOTAL-25NOV08TXAMMIZZ-36,2025-11-08T23:26:57.345728Z,0.88,11,yes,9021e745-2625-46c2-647d-c60eb4eff58b
KXNCAAFTOTAL-25NOV08TXAMMIZZ-36,2025-11-08T23:17:36.302109Z,0.82,10,no,e8878e8f-d7ec-667b-b07d-2fefd7eab5d3
KXNCAAFTOTAL-25NOV08TXAMMIZZ-36,2025-11-08T23:11:59.897434Z,0.83,5,no,36896f81-06cd-5600-72c4-598d2cba4c65
KXNCAAFTOTAL-25NOV08TXAMMIZZ-36,2025-11-08T23:11:34.320195Z,0.8,14,no,343b1767-38b7-7283-3b3d-a0462d3ccdbe
KXNCAAFTOTAL-25NOV08TXAMMIZZ-36,2025-11-08T23:11:22.847569Z,0.89,111,yes,11cf6ce1-8301-7eee-0db3-3fb76b74693c
KXNCAAFTOTAL-25NOV08TXAMMIZZ-36,2025-11-08T23:04:57.779275Z,0.76,386,no,ec2a875e-66e0-4d69-97b8-8c5ce2818370
KXNCAAFTOTAL-25NOV08TXAMMIZZ-36,2025-11-08T23:04:57.779275Z,0.77,10,no,55009b6f-1c25-4d45-9d7f-34ec9ac4a8f5
KXNCAAFTOTAL-25NOV08TXAMMIZZ-36,2025-11-08T23:03:49.875888Z,0.89,89,yes,636675a2-8463-6e89-b43c-4bccd3d4d321
KXNCAAFTOTAL-25NOV08TXAMMIZZ-36,2025-11-08T23:03:49.875888Z,0.88,10,yes,319437d9-4539-6a2b-a847-4131aca7171a
KXNCAAFTOTAL-25NOV08TXAMMIZZ-36,2025-11-08T22:55:14.495864Z,0.84,223,yes,e9fefa6b-a603-6c10-9094-26da15fe09ce
KXNCAAFTOTAL-25NOV08TXAMMIZZ-36,2025-11-08T22:54:21.814475Z,0.74,379,no,e45c7c83-dd7b-7055-eb77-005f1288505b
KXNCAAFTOTAL-25NOV08TXAMMIZZ-36,2025-11-08T22:51:24.997938Z,0.75,64,yes,9d0ceb71-c430-6b85-8a14-c97ecc0019bc
KXNCAAFTOTAL-25NOV08TXAMMIZZ-36,2025-11-08T22:50:53.144273Z,0.62,25,no,03cb18d6-baf3-5563-8c0e-7f8df63db628
KXNCAAFTOTAL-25NOV08TXAMMIZZ-36,2025-11-08T22:49:20.502312Z,0.72,5,yes,b70ba122-6a64-6c5b-56b8-c18cf116c8ef
KXNCAAFTOTAL-25NOV08TXAMMIZZ-36,2025-11-08T22:49:12.705409Z,0.72,13,yes,2746c6cf-f6c8-7353-b6e9-8a6a8f40bd9b
KXNCAAFTOTAL-25NOV08TXAMMIZZ-36,2025-11-08T22:49:10.923384Z,0.72,68,yes,b78d0076-ae00-52df-8e6a-e67f862ec84f
KXNCAAFTOTAL-25NOV08TXAMMIZZ-36,2025-11-08T22:48:45.181103Z,0.75,121,yes,518d6c49-1edc-7f1d-9b93-5a90b69aa11c
KXNCAAFTOTAL-25NOV08TXAMMIZZ-36,2025-11-08T22:47:53.299643Z,0.65,15,no,acd95856-12c3-63ce-ec80-8f56b19674e1
KXNCAAFTOTAL-25NOV08TXAMMIZZ-36,2025-11-08T22:44:53.703931Z,0.7,1,yes,e46ffa81-6cf1-462b-3df7-d3cb0625e89e
KXNCAAFTOTAL-25NOV08TXAMMIZZ-36,2025-11-08T22:44:44.175628Z,0.69,354,yes,686ff0c2-a436-4a53-604f-6c0d36bb6738
KXNCAAFTOTAL-25NOV08TXAMMIZZ-36,2025-11-08T22:44:01.246135Z,0.66,7,yes,7e5e3aba-afa2-71db-0d87-b92b10ea31a1
KXNCAAFTOTAL-25NOV08TXAMMIZZ-36,2025-11-08T22:41:52.905779Z,0.22,63,no,0392b833-7ba9-60b6-1cae-2a1cac24a424
KXNCAAFTOTAL-25NOV08TXAMMIZZ-36,2025-11-08T22:40:32.000526Z,0.39,79,no,822f05bf-2eed-7c03-cda7-30cd73e0ae1e
KXNCAAFTOTAL-25NOV08TXAMMIZZ-36,2025-11-08T22:40:10.316985Z,0.4,10,no,b5756223-310c-42d7-26a1-4afae201a49d
KXNCAAFTOTAL-25NOV08TXAMMIZZ-36,2025-11-08T22:40:10.316985Z,0.4,3,no,524dccd0-01a7-40f9-2836-959ee0083085
KXNCAAFTOTAL-25NOV08TXAMMIZZ-36,2025-11-08T22:40:10.316985Z,0.39,19,no,402ef8a0-d469-4717-3202-b27c3cb6418a
KXNCAAFTOTAL-25NOV08TXAMMIZZ-36,2025-11-08T22:39:01.983375Z,0.47,10,yes,a4d3b118-e0c8-6169-0bd8-6a4cadb897bb
KXNCAAFTOTAL-25NOV08TXAMMIZZ-36,2025-11-08T22:39:01.983375Z,0.63,3,yes,80ec414b-ddd9-6045-248c-75365cf9f171
KXNCAAFTOTAL-25NOV08TXAMMIZZ-36,2025-11-08T22:39:01.983375Z,0.46,10,yes,6c1009dc-9586-6c58-3719-a227b0a2b482
KXNCAAFTOTAL-25NOV08TXAMMIZZ-36,2025-11-08T22:38:22.812825Z,0.41,32,no,9df17857-722d-7962-623a-28aa9b1a19fc
KXNCAAFTOTAL-25NOV08TXAMMIZZ-36,2025-11-08T22:36:43.253247Z,0.41,8,no,76fcbdb2-f522-42f2-a275-ea51456b110a
KXNCAAFTOTAL-25NOV08TXAMMIZZ-36,2025-11-08T22:32:39.903105Z,0.41,10,no,deb18d11-bd10-5312-9f9c-774f020e7fed
KXNCAAFTOTAL-25NOV08TXAMMIZZ-36,2025-11-08T22:32:39.903105Z,0.39,70,no,a145fe08-eb8e-54d1-9af9-f706ee34db53
KXNCAAFTOTAL-25NOV08TXAMMIZZ-36,2025-11-08T22:30:25.169382Z,0.48,44,yes,e933e2c2-f2f0-5ed2-2514-bbc453232192
KXNCAAFTOTAL-25NOV08TXAMMIZZ-36,2025-11-08T22:28:15.051093Z,0.48,10,yes,5fda8f0d-ffdc-551e-3c3b-e4a915497d82
KXNCAAFTOTAL-25NOV08TXAMMIZZ-36,2025-11-08T22:26:46.676753Z,0.47,14,yes,6d5cc3fb-1ba5-7930-e4a3-dc7107ab2d2b
KXNCAAFTOTAL-25NOV08TXAMMIZZ-36,2025-11-08T22:26:46.676753Z,0.48,36,yes,329b3b41-dc1c-772e-f50e-814553262252
KXNCAAFTOTAL-25NOV08TXAMMIZZ-36,2025-11-08T22:25:26.78117Z,0.4,81,no,4471cdb3-2942-60f6-1982-7d3b6b89d78d
KXNCAAFTOTAL-25NOV08TXAMMIZZ-36,2025-11-08T22:25:11.897635Z,0.48,201,yes,ea536c28-af00-6f16-d0d2-b9b943cc3392
KXNCAAFTOTAL-25NOV08TXAMMIZZ-36,2025-11-08T22:24:27.350448Z,0.4,162,no,16750bb7-c09e-7ece-72bd-0997ddbf8811
KXNCAAFTOTAL-25NOV08TXAMMIZZ-36,2025-11-08T22:22:22.873338Z,0.48,402,yes,2ccdc025-e950-4f56-527f-ecf3008ebe3a
KXNCAAFTOTAL-25NOV08TXAMMIZZ-36,2025-11-08T22:20:33.06252Z,0.45,10,no,cc027245-ea41-4ca3-2fa7-f6f7afc25e85
KXNCAAFTOTAL-25NOV08TXAMMIZZ-36,2025-11-08T22:20:33.06252Z,0.4,31,no,51199397-a282-404a-05bf-55ec5c9c4e01
KXNCAAFTOTAL-25NOV08TXAMMIZZ-36,2025-11-08T22:16:36.616838Z,0.42,31,no,c72cec0e-a6dc-499b-5d0d-ab9d97554202
KXNCAAFTOTAL-25NOV08TXAMMIZZ-36,2025-11-08T22:13:50.844591Z,0.45,5,no,d6504659-6054-634a-d442-6f258dad1f47
KXNCAAFTOTAL-25NOV08TXAMMIZZ-36,2025-11-08T22:12:20.673036Z,0.56,500,yes,58ef6429-7725-65d5-92de-5742c424b5c8
KXNCAAFTOTAL-25NOV08TXAMMIZZ-36,2025-11-08T22:11:23.535613Z,0.45,46,no,6e311a69-c15f-7ab1-238f-0f65fa5f99a5
KXNCAAFTOTAL-25NOV08TXAMMIZZ-36,2025-11-08T22:09:30.420277Z,0.55,17,yes,d12c8e11-abba-55d0-49e9-2140f678569e
KXNCAAFTOTAL-25NOV08TXAMMIZZ-36,2025-11-08T22:08:43.877189Z,0.48,1000,no,3077ee50-cf7a-4ca7-7a34-c3a279de8d2a
KXNCAAFTOTAL-25NOV08TXAMMIZZ-36,2025-11-08T22:07:03.740548Z,0.14,57,no,cf58edd2-9ecd-557e-c510-a40d966d3080
KXNCAAFTOTAL-25NOV08TXAMMIZZ-36,2025-11-08T22:03:39.615523Z,0.51,5,yes,dade01b4-f50d-54a1-f0e5-2ad899323642
KXNCAAFTOTAL-25NOV08TXAMMIZZ-36,2025-11-08T22:01:11.687642Z,0.25,32,no,26823e8f-11d6-6083-9c65-304158e2491e
KXNCAAFTOTAL-25NOV08TXAMMIZZ-36,2025-11-08T22:01:08.173216Z,0.36,13,yes,7ca98e82-c6d5-7752-9e37-9bc347a4eb01
KXNCAAFTOTAL-25NOV08TXAMMIZZ-36,2025-11-08T21:59:54.963609Z,0.25,13,no,cbd1e4be-6b3a-686b-8c66-7b355341800e
KXNCAAFTOTAL-25NOV08TXAMMIZZ-36,2025-11-08T21:58:43.861812Z,0.14,11,no,08076e11-c475-6436-e116-a2252f3c67f0
KXNCAAFTOTAL-25NOV08TXAMMIZZ-36,2025-11-08T21:55:05.484508Z,0.41,16,no,907af5c1-f4a3-72a4-414d-4741c5e0200d
KXNCAAFTOTAL-25NOV08TXAMMIZZ-36,2025-11-08T21:53:41.677935Z,0.4,10,no,75b7c6ad-794b-4d23-b1f5-0f21c7308397
KXNCAAFTOTAL-25NOV08TXAMMIZZ-36,2025-11-08T21:53:31.573638Z,0.48,16,yes,b4a11599-437f-7b0a-8b9f-3e3ad7a965ba
KXNCAAFTOTAL-25NOV08TXAMMIZZ-36,2025-11-08T21:52:06.08535Z,0.39,14,no,2fa822c9-bb5a-5d23-5eb9-e4951daff6a4
KXNCAAFTOTAL-25NOV08TXAMMIZZ-36,2025-11-08T21:49:40.408711Z,0.46,17,no,fcdbd948-98ec-700b-82ec-7ef89b7aeb01
KXNCAAFTOTAL-25NOV08TXAMMIZZ-36,2025-11-08T21:49:38.422931Z,0.55,88,yes,cb99f03c-58c4-5010-3317-520db2ce4454
KXNCAAFTOTAL-25NOV08TXAMMIZZ-36,2025-11-08T21:49:01.617572Z,0.45,44,no,6c2c402c-c458-4a5e-f7b7-99f1b455ca83
KXNCAAFTOTAL-25NOV08TXAMMIZZ-36,2025-11-08T21:48:07.723665Z,0.58,16,yes,77d210dc-dc6a-5d6e-77cd-2fa974c47676
KXNCAAFTOTAL-25NOV08TXAMMIZZ-36,2025-11-08T21:47:59.76375Z,0.5,27,no,215c204e-e0df-6cef-cbe3-d9f86f3bebb1
KXNCAAFTOTAL-25NOV08TXAMMIZZ-36,2025-11-08T21:47:26.673993Z,0.5,19,no,48bb1114-c7a7-62df-b323-d5ae454631c1
KXNCAAFTOTAL-25NOV08TXAMMIZZ-36,2025-11-08T21:45:02.779342Z,0.55,44,yes,b90f39d4-9a9b-7885-4d77-c871afbdd040
KXNCAAFTOTAL-25NOV08TXAMMIZZ-36,2025-11-08T21:44:19.817959Z,0.56,17,yes,fb66ba25-aa6b-4460-2927-cc40daac3494
KXNCAAFTOTAL-25NOV08TXAMMIZZ-36,2025-11-08T21:44:19.073643Z,0.47,100,no,8d3b44b5-3d7f-7aee-cb15-82b3f88a9700
KXNCAAFTOTAL-25NOV08TXAMMIZZ-36,2025-11-08T21:43:46.031407Z,0.54,19,yes,c005f3f5-1b9c-76b3-8b3b-cf6df0d1fbb7
KXNCAAFTOTAL-25NOV08TXAMMIZZ-36,2025-11-08T21:43:46.031407Z,0.55,157,yes,a222949b-0c0f-708c-9f24-85544ea9b3db
KXNCAAFTOTAL-25NOV08TXAMMIZZ-36,2025-11-08T21:43:28.787555Z,0.46,25,no,bdb13ec8-381f-4e4d-023c-d867fb296fdb
KXNCAAFTOTAL-25NOV08TXAMMIZZ-36,2025-11-08T21:40:33.754947Z,0.32,14,no,4d470a4b-e0fe-528a-16fe-4e9432dc8e47
KXNCAAFTOTAL-25NOV08TXAMMIZZ-36,2025-11-08T21:39:53.091949Z,0.55,88,yes,964d4401-6b84-54e9-48c3-20f0fda52111
KXNCAAFTOTAL-25NOV08TXAMMIZZ-36,2025-11-08T21:39:43.167743Z,0.55,8,yes,409e59f3-3eb4-7d21-9db7-261daab04651
KXNCAAFTOTAL-25NOV08TXAMMIZZ-36,2025-11-08T21:39:24.816915Z,0.55,132,yes,42236429-e6e0-41d9-9f72-e974718de955
KXNCAAFTOTAL-25NOV08TXAMMIZZ-36,2025-11-08T21:36:38.453493Z,0.57,8,yes,a38921a8-c1b3-5a3b-8517-98f4cd1af82a
KXNCAAFTOTAL-25NOV08TXAMMIZZ-36,2025-11-08T21:34:41.665934Z,0.56,65,no,8a9d42b6-6c7e-6a22-322e-ffd79b731721
KXNCAAFTOTAL-25NOV08TXAMMIZZ-36,2025-11-08T21:33:39.76865Z,0.68,9,yes,1c996871-e7af-530c-6ed1-100fac571e36
KXNCAAFTOTAL-25NOV08TXAMMIZZ-36,2025-11-08T21:32:41.991344Z,0.38,19,no,e423f6f0-27b7-6cde-e198-e8be3a136555
KXNCAAFTOTAL-25NOV08TXAMMIZZ-36,2025-11-08T21:32:41.991344Z,0.5,9,no,6dfdf33b-0a91-62f8-d50f-5ec648effff5
KXNCAAFTOTAL-25NOV08TXAMMIZZ-36,2025-11-08T21:32:27.969682Z,0.59,500,no,b4742db0-02ab-4543-9d5b-59de75bc1cd1
KXNCAAFTOTAL-25NOV08TXAMMIZZ-36,2025-11-08T21:32:25.184349Z,0.59,37,no,4c76e6be-e19f-6503-5add-b5ccbe2e7db9
KXNCAAFTOTAL-25NOV08TXAMMIZZ-36,2025-11-08T21:31:16.459815Z,0.62,126,no,2ccc9cd1-cb17-4d26-b996-899406863c21
KXNCAAFTOTAL-25NOV08TXAMMIZZ-36,2025-11-08T21:29:08.672539Z,0.68,131,no,98e9e475-d5f3-4c24-b664-180a06576d36
KXNCAAFTOTAL-25NOV08TXAMMIZZ-36,2025-11-08T21:28:14.369864Z,0.69,153,no,6d3bff0b-1c67-5544-c084-bd8326ff045c
KXNCAAFTOTAL-25NOV08TXAMMIZZ-36,2025-11-08T21:27:33.421621Z,0.67,285,no,d7bbf549-e20a-59a2-cb53-ef3cb94ea31f
KXNCAAFTOTAL-25NOV08TXAMMIZZ-36,2025-11-08T21:22:47.639396Z,0.66,14,no,eb0f631f-94d4-699c-70fb-996f1a056688
KXNCAAFTOTAL-25NOV08TXAMMIZZ-36,2025-11-08T21:22:10.6079Z,0.66,28,no,5fc4b1c5-d580-5f08-89a5-da2454f6ad40
KXNCAAFTOTAL-25NOV08TXAMMIZZ-36,2025-11-08T21:20:21.636651Z,0.58,22,no,bde1fbd4-c955-7558-8421-18cb75ebee0b
KXNCAAFTOTAL-25NOV08TXAMMIZZ-36,2025-11-08T21:20:18.645154Z,0.67,500,yes,2af19d6f-5c52-446a-5b90-6330645b2858
KXNCAAFTOTAL-25NOV08TXAMMIZZ-36,2025-11-08T21:20:11.891116Z,0.58,11,no,8b47b97f-6abd-74c0-694f-f03177eca597
KXNCAAFTOTAL-25NOV08TXAMMIZZ-36,2025-11-08T21:18:36.268198Z,0.62,586,yes,dd551e12-3bff-7e30-6a10-af52db36b6f9
KXNCAAFTOTAL-25NOV08TXAMMIZZ-36,2025-11-08T21:18:36.268198Z,0.62,207,yes,89315944-69d5-723c-45ef-2fbfcbbfc476
KXNCAAFTOTAL-25NOV08TXAMMIZZ-36,2025-11-08T21:18:35.970398Z,0.62,793,yes,b1e1f359-47dd-650c-610c-e78e72d96ab6
KXNCAAFTOTAL-25NOV08TXAMMIZZ-36,2025-11-08T21:17:35.825674Z,0.71,69,yes,ba4296c8-5200-617b-f6de-362f4a44a9b5
KXNCAAFTOTAL-25NOV08TXAMMIZZ-36,2025-11-08T21:15:01.336207Z,0.7,139,yes,e3c5a37b-3b4e-4e63-38e3-72becf020efa
KXNCAAFTOTAL-25NOV08TXAMMIZZ-36,2025-11-08T21:14:18.60054Z,0.66,147,yes,4fceb4f3-d2b7-450d-3ca5-44388930afe9
KXNCAAFTOTAL-25NOV08TXAMMIZZ-36,2025-11-08T21:14:09.015466Z,0.66,29,yes,948f2587-eac7-45f9-80af-9664e8280b65
KXNCAAFTOTAL-25NOV08TXAMMIZZ-36,2025-11-08T21:14:04.525195Z,0.57,55,no,283f6051-a081-64f2-b478-01076682b0fb
KXNCAAFTOTAL-25NOV08TXAMMIZZ-36,2025-11-08T21:10:50.938337Z,0.64,3,yes,0e289b28-d378-7b0e-5feb-f683b05b7b39
KXNCAAFTOTAL-25NOV08TXAMMIZZ-36,2025-11-08T21:10:40.766369Z,0.64,26,yes,69f3edc9-cbe4-453a-aab3-ba2562a36edd
KXNCAAFTOTAL-25NOV08TXAMMIZZ-36,2025-11-08T21:10:21.741012Z,0.64,15,yes,8cdcabc8-38ac-7ee2-524f-4416683f9d21
KXNCAAFTOTAL-25NOV08TXAMMIZZ-36,2025-11-08T21:07:45.409054Z,0.61,250,yes,b96614bc-1e14-7543-1810-558c77f99c61
KXNCAAFTOTAL-25NOV08TXAMMIZZ-36,2025-11-08T21:07:41.778528Z,0.61,46,yes,93390bf0-1308-4b8b-56da-8bcb3202cc19
KXNCAAFTOTAL-25NOV08TXAMMIZZ-36,2025-11-08T21:02:58.618275Z,0.55,32,no,88a13510-01c4-72a4-38ae-bf5a8ce0a99c
KXNCAAFTOTAL-25NOV08TXAMMIZZ-36,2025-11-08T20:57:02.768502Z,0.69,285,yes,21571cc9-9d7b-491c-48ef-06ef089908c3
KXNCAAFTOTAL-25NOV08TXAMMIZZ-36,2025-11-08T20:54:40.232385Z,0.75,131,yes,19f5a2c1-9fb6-401e-aa9e-1359d64cccfc
KXNCAAFTOTAL-25NOV08TXAMMIZZ-36,2025-11-08T20:54:11.241348Z,0.97,9,yes,0f7bbdb7-aac2-6d07-b19b-bb7432030445
KXNCAAFTOTAL-25NOV08TXAMMIZZ-36,2025-11-08T20:50:08.111191Z,0.73,7,no,3a2aa000-935b-6832-5ab8-ade5b986841f
KXNCAAFTOTAL-25NOV08TXAMMIZZ-36,2025-11-08T20:45:28.183741Z,0.95,4,yes,3cfc0d05-406e-58bd-16a7-d66b60f3de92
KXNCAAFTOTAL-25NOV08TXAMMIZZ-36,2025-11-08T20:44:57.486609Z,0.83,59,yes,eedfc77f-acdd-7195-8446-cbca6b09b739
KXNCAAFTOTAL-25NOV08TXAMMIZZ-36,2025-11-08T20:42:43.041942Z,0.83,5,yes,9c3462a9-8705-527e-e5c5-d32edf212482
KXNCAAFTOTAL-25NOV08TXAMMIZZ-36,2025-11-08T20:39:01.539621Z,0.83,61,yes,eb97b512-e8d9-73b2-636b-bfdb4829561e
KXNCAAFTOTAL-25NOV08TXAMMIZZ-36,2025-11-08T20:20:38.868619Z,0.81,9,no,4b431dd6-fe98-4bcb-53ef-85e4193fce98
KXNCAAFTOTAL-25NOV08TXAMMIZZ-36,2025-11-08T20:15:46.169862Z,0.81,9,no,a9fa62bc-066c-69cb-fba1-49d4dd59de70
KXNCAAFTOTAL-25NOV08TXAMMIZZ-36,2025-11-08T19:46:53.995402Z,0.95,10,yes,cd45c6f9-f556-6995-20ed-358db7ba1d8a
KXNCAAFTOTAL-25NOV08TXAMMIZZ-36,2025-11-08T19:46:53.995402Z,0.85,84,yes,6bc3da0a-cfc9-68df-1c56-514a4d25f2f6
KXNCAAFTOTAL-25NOV08TXAMMIZZ-36,2025-11-08T19:46:53.995402Z,0.86,20,yes,0ec6cabe-cc1b-66db-2d83-ad3daa254005
KXNCAAFTOTAL-25NOV08TXAMMIZZ-36,2025-11-08T19:46:04.516727Z,0.81,49,no,9606f3c5-233c-4693-5265-857d3f73ce28
KXNCAAFTOTAL-25NOV08TXAMMIZZ-36,2025-11-08T19:08:23.759343Z,0.85,16,yes,e4cf9215-2169-503f-7f2e-e6625134a3b6
KXNCAAFTOTAL-25NOV08TXAMMIZZ-36,2025-11-08T19:08:23.759343Z,0.85,100,yes,240456eb-e222-5ccf-7135-4e62e76536e0
KXNCAAFTOTAL-25NOV08TXAMMIZZ-36,2025-11-08T18:47:39.373225Z,0.81,99,no,8d9659c6-0644-557f-4cd2-b7786d1d0a44
KXNCAAFTOTAL-25NOV08TXAMMIZZ-36,2025-11-08T17:16:41.953682Z,0.86,28,yes,9a024a9c-468b-41bf-62a0-44ee2b8df469
KXNCAAFTOTAL-25NOV08TXAMMIZZ-36,2025-11-08T17:04:00.009544Z,0.86,10,yes,6ea9927f-b60f-7cc7-7729-bb4b41333889
KXNCAAFTOTAL-25NOV08TXAMMIZZ-36,2025-11-08T17:02:16.191838Z,0.86,10,yes,92a0caa6-dae3-7bf7-fb79-cfc91a69f4f1
KXNCAAFTOTAL-25NOV08TXAMMIZZ-36,2025-11-08T16:56:53.921381Z,0.86,34,yes,580018b1-9e87-434f-e139-cfd5a7543b55
KXNCAAFTOTAL-25NOV08TXAMMIZZ-36,2025-11-08T16:56:12.748553Z,0.69,24,no,19481aa3-2067-70d6-e44c-c882e8364658
KXNCAAFTOTAL-25NOV08TXAMMIZZ-36,2025-11-08T16:52:01.026918Z,0.69,3,no,f33c5cfa-55e3-5712-d2e1-2e985fab6aec
KXNCAAFTOTAL-25NOV08TXAMMIZZ-36,2025-11-08T16:48:58.279492Z,0.69,7,no,f7959612-c5a3-7e9e-4a91-26bbbebd289c
KXNCAAFTOTAL-25NOV08TXAMMIZZ-36,2025-11-08T16:38:02.044474Z,0.86,23,yes,70b43628-fe67-6df7-9274-132fd7e9f7a9
KXNCAAFTOTAL-25NOV08TXAMMIZZ-36,2025-11-08T16:14:56.436384Z,0.69,61,no,bafb8dc3-6afb-493e-ab7d-30583c4c64a0
KXNCAAFTOTAL-25NOV08TXAMMIZZ-36,2025-11-08T15:40:46.555913Z,0.69,30,no,e6956c1b-d08b-5116-5b83-b15637436788
KXNCAAFTOTAL-25NOV08TXAMMIZZ-36,2025-11-08T15:24:43.847438Z,0.86,72,yes,2e237b07-51a7-6157-b9ce-8ad4422dda65
KXNCAAFTOTAL-25NOV08TXAMMIZZ-36,2025-11-08T15:12:29.08592Z,0.86,3,yes,f41712fb-e6d7-472f-4007-59fb35990f1d
KXNCAAFTOTAL-25NOV08TXAMMIZZ-36,2025-11-08T12:05:50.612569Z,0.69,30,no,22ff91cb-fc9b-5792-5bb1-facaf93ac7c4
KXNCAAFTOTAL-25NOV08TXAMMIZZ-36,2025-11-08T06:50:15.135387Z,0.94,100,yes,93ee2741-3a32-5317-cddb-98834fc04252
KXNCAAFTOTAL-25NOV08TXAMMIZZ-36,2025-11-08T06:50:15.135387Z,0.92,79,yes,927e2c6a-8d26-5396-f04a-d737b56a2704
KXNCAAFTOTAL-25NOV08TXAMMIZZ-36,2025-11-08T06:50:15.135387Z,0.95,86,yes,3d29adce-827e-50c1-de2c-7c3c727e8dc6
KXNCAAFTOTAL-25NOV08TXAMMIZZ-36,2025-11-07T21:23:09.78714Z,0.92,21,yes,d1185859-26de-5306-e084-df4d22b5e78c
