ticker,created_time,price,count,taker_side,trade_id
KXNCAAFSPREAD-25NOV08LSUALA-ALA9,2025-11-09T04:05:30.039447Z,0.99,312,no,303d2162-c2f8-57f9-07c6-aa34acb66795
KXNCAAFSPREAD-25NOV08LSUALA-ALA9,2025-11-09T04:04:41.518931Z,0.99,340,no,7a429f1e-6340-588d-3655-5bd2a038e541
KXNCAAFSPREAD-25NOV08LSUALA-ALA9,2025-11-09T04:04:15.906279Z,0.99,1531,no,634657a8-a954-66c1-4aac-00c85dedafc5
KXNCAAFSPREAD-25NOV08LSUALA-ALA9,2025-11-09T04:03:20.546066Z,0.99,233,no,7dd694f3-cb34-4c11-cb77-20a72faf5249
KXNCAAFSPREAD-25NOV08LSUALA-ALA9,2025-11-09T04:02:53.179858Z,0.99,575,no,d80f1244-efac-4a75-f90b-abc9edb116e1
KXNCAAFSPREAD-25NOV08LSUALA-ALA9,2025-11-09T04:02:42.322816Z,0.99,211,no,13784729-cdf0-5081-8225-c0df654cc3cd
KXNCAAFSPREAD-25NOV08LSUALA-ALA9,2025-11-09T04:02:14.484892Z,0.99,61,no,67c4c41a-9a48-78c1-ef8e-acf56406c1d1
KXNCAAFSPREAD-25NOV08LSUALA-ALA9,2025-11-09T04:02:09.855692Z,0.99,12,no,890aa8ab-0880-63ad-6bc8-bd27d9b62225
KXNCAAFSPREAD-25NOV08LSUALA-ALA9,2025-11-09T04:02:04.294262Z,0.99,74,no,4d8f2b3b-5f48-5719-2f1a-1f8ded8ddba5
KXNCAAFSPREAD-25NOV08LSUALA-ALA9,2025-11-09T04:01:53.639979Z,0.99,111,no,cb490f31-6128-79f5-9d2f-3612744764ed
KXNCAAFSPREAD-25NOV08LSUALA-ALA9,2025-11-09T04:01:45.797627Z,0.99,50,no,147dd360-13f0-4c81-4724-8092d50af375
KXNCAAFSPREAD-25NOV08LSUALA-ALA9,2025-11-09T04:01:34.568102Z,0.99,3335,no,47bf29b5-f098-6099-c658-cc12c8e391f5
KXNCAAFSPREAD-25NOV08LSUALA-ALA9,2025-11-09T04:01:28.953992Z,0.99,74,no,04622b5b-2238-4fa9-f798-b45208204355
KXNCAAFSPREAD-25NOV08LSUALA-ALA9,2025-11-09T04:01:12.165472Z,0.99,200,no,ba0c100a-efcc-5459-7cbb-8b3e93c30e05
KXNCAAFSPREAD-25NOV08LSUALA-ALA9,2025-11-09T03:53:37.000331Z,0.67,14,no,22f5430e-57b6-4246-9983-e12a648b52d5
KXNCAAFSPREAD-25NOV08LSUALA-ALA9,2025-11-09T03:53:33.27513Z,0.93,90,yes,e062dd6e-2bcf-6854-3c8d-c3736daddbce
KXNCAAFSPREAD-25NOV08LSUALA-ALA9,2025-11-09T03:53:33.27513Z,0.99,16,yes,b3f279ca-6063-643a-245d-7f3f04faaf5b
KXNCAAFSPREAD-25NOV08LSUALA-ALA9,2025-11-09T03:53:33.27513Z,0.97,100,yes,ae4e3ab9-4314-6cbc-162e-499d1982f077
KXNCAAFSPREAD-25NOV08LSUALA-ALA9,2025-11-09T03:53:33.27513Z,0.91,25,yes,ab4d24b4-311d-6787-3c98-d1e9264991e6
KXNCAAFSPREAD-25NOV08LSUALA-ALA9,2025-11-09T03:53:33.27513Z,0.99,57,yes,9f912076-029f-6710-057d-61b104a4efed
KXNCAAFSPREAD-25NOV08LSUALA-ALA9,2025-11-09T03:53:33.27513Z,0.98,200,yes,57cbd6e4-6424-654a-269e-f79dbcf07c4b
KXNCAAFSPREAD-25NOV08LSUALA-ALA9,2025-11-09T03:53:33.27513Z,0.99,300,yes,1b6bf41c-3745-62e5-0e45-944c72875460
KXNCAAFSPREAD-25NOV08LSUALA-ALA9,2025-11-09T03:53:33.27513Z,0.94,100,yes,118ef32e-94dd-67ac-3449-807f6f3af440
KXNCAAFSPREAD-25NOV08LSUALA-ALA9,2025-11-09T03:52:47.054261Z,0.68,35,no,9165e671-9b34-4cc2-0e39-7325498362f8
KXNCAAFSPREAD-25NOV08LSUALA-ALA9,2025-11-09T03:51:04.754475Z,0.67,115,no,971bc984-6542-6232-81e4-843be1cb838d
KXNCAAFSPREAD-25NOV08LSUALA-ALA9,2025-11-09T03:48:14.355401Z,0.6,16,no,de4a54aa-6aba-41d3-aa7b-57c72a29b8f6
KXNCAAFSPREAD-25NOV08LSUALA-ALA9,2025-11-09T03:46:46.30724Z,0.62,25,no,4ccfd415-cb1a-574b-634e-e2b904b74e75
KXNCAAFSPREAD-25NOV08LSUALA-ALA9,2025-11-09T03:45:48.279549Z,0.62,21,yes,ee68bb49-6cd4-6d12-e725-7676e004425b
KXNCAAFSPREAD-25NOV08LSUALA-ALA9,2025-11-09T03:45:24.455837Z,0.62,9,yes,e788905d-90d8-6d7e-a97d-608aa57edee3
KXNCAAFSPREAD-25NOV08LSUALA-ALA9,2025-11-09T03:44:53.345762Z,0.6,50,yes,63cbad2e-efb2-696c-7684-ebf8c9cf0f98
KXNCAAFSPREAD-25NOV08LSUALA-ALA9,2025-11-09T03:43:03.491973Z,0.6,20,yes,434ddbc9-4384-76ae-8aa4-c76f3afe7781
KXNCAAFSPREAD-25NOV08LSUALA-ALA9,2025-11-09T03:41:58.229596Z,0.5,1,yes,c508ef95-9a95-685c-e542-50ce9fa60c92
KXNCAAFSPREAD-25NOV08LSUALA-ALA9,2025-11-09T03:40:01.955836Z,0.32,120,no,4ea87fca-bad0-4e64-cd3d-0ac042c82252
KXNCAAFSPREAD-25NOV08LSUALA-ALA9,2025-11-09T03:39:18.15107Z,0.52,17,yes,f204e29d-c456-7430-683d-972496299e1d
KXNCAAFSPREAD-25NOV08LSUALA-ALA9,2025-11-09T03:39:18.15107Z,0.53,125,yes,e2bf6088-8cf3-7967-60b4-7a59e505dbe4
KXNCAAFSPREAD-25NOV08LSUALA-ALA9,2025-11-09T03:39:18.15107Z,0.56,50,yes,a3b144b4-c9ed-7940-6f1a-1feb0f366930
KXNCAAFSPREAD-25NOV08LSUALA-ALA9,2025-11-09T03:39:18.15107Z,0.6,37,yes,7734eb75-bb90-7d10-496a-b0ed74d7f1fa
KXNCAAFSPREAD-25NOV08LSUALA-ALA9,2025-11-09T03:39:18.15107Z,0.62,32,yes,371d1898-db9b-7e47-410d-54cc2674321c
KXNCAAFSPREAD-25NOV08LSUALA-ALA9,2025-11-09T03:36:42.025144Z,0.33,43,no,23cb50b8-5730-5c38-746e-39f7dceda65f
KXNCAAFSPREAD-25NOV08LSUALA-ALA9,2025-11-09T03:35:13.395208Z,0.6,51,yes,8a992f97-fa2c-74c8-1b3d-556fa3fc9a22
KXNCAAFSPREAD-25NOV08LSUALA-ALA9,2025-11-09T03:34:19.529265Z,0.6,1,yes,669aeabe-5ee8-7af0-de05-143d525bde72
KXNCAAFSPREAD-25NOV08LSUALA-ALA9,2025-11-09T03:32:39.405431Z,0.49,119,no,ff7163ed-289e-5d09-6df4-82628cee5be0
KXNCAAFSPREAD-25NOV08LSUALA-ALA9,2025-11-09T03:32:27.143322Z,0.6,11,yes,637fa640-9088-6754-f1c3-2bc12cce966e
KXNCAAFSPREAD-25NOV08LSUALA-ALA9,2025-11-09T03:32:27.143322Z,0.49,9,yes,4a2e773d-18c4-64ae-c92b-17054cc57e93
KXNCAAFSPREAD-25NOV08LSUALA-ALA9,2025-11-09T03:32:22.355435Z,0.49,1,yes,f9610c2a-a37c-6822-9173-be75aaa2cf3b
KXNCAAFSPREAD-25NOV08LSUALA-ALA9,2025-11-09T03:30:58.612923Z,0.4,81,no,4b50b8d1-cb5e-6dd9-9a57-16b48f233270
KXNCAAFSPREAD-25NOV08LSUALA-ALA9,2025-11-09T03:30:21.34206Z,0.49,125,no,dacec1f3-0315-6432-b433-4da5255dbade
KXNCAAFSPREAD-25NOV08LSUALA-ALA9,2025-11-09T03:30:21.34206Z,0.49,15,no,4606567b-1f4f-6e92-9815-35e16b49cceb
KXNCAAFSPREAD-25NOV08LSUALA-ALA9,2025-11-09T03:30:04.494366Z,0.5,200,no,3e23efc2-1659-7b49-92cc-8b6d5b337614
KXNCAAFSPREAD-25NOV08LSUALA-ALA9,2025-11-09T03:28:39.105309Z,0.56,90,yes,fea49e48-d008-4463-5c71-2ff56320dbbe
KXNCAAFSPREAD-25NOV08LSUALA-ALA9,2025-11-09T03:28:39.105309Z,0.87,15,yes,ab62d48a-147a-48ec-5515-95ae620fd31b
KXNCAAFSPREAD-25NOV08LSUALA-ALA9,2025-11-09T03:28:39.105309Z,0.7,15,yes,1ae9e134-aea9-405d-7756-b240ef895c17
KXNCAAFSPREAD-25NOV08LSUALA-ALA9,2025-11-09T03:28:15.74604Z,0.56,10,yes,2a3480b0-f5e0-6747-cf35-287183f54bbe
KXNCAAFSPREAD-25NOV08LSUALA-ALA9,2025-11-09T03:27:27.635636Z,0.67,9,yes,ae85e254-5ac9-4bbf-88bd-5c988f2a3016
KXNCAAFSPREAD-25NOV08LSUALA-ALA9,2025-11-09T03:27:16.046506Z,0.56,3,yes,cd419310-ce25-54bd-4baf-3d5fd0ded4c9
KXNCAAFSPREAD-25NOV08LSUALA-ALA9,2025-11-09T03:27:16.046506Z,0.67,34,yes,baf5aea2-2810-5c83-5ba3-82e8f435fbea
KXNCAAFSPREAD-25NOV08LSUALA-ALA9,2025-11-09T03:27:10.897882Z,0.56,43,yes,28f8af9b-9089-43f9-67bf-c7347309ce7d
KXNCAAFSPREAD-25NOV08LSUALA-ALA9,2025-11-09T03:26:10.006874Z,0.4,1,no,a04d34d3-e440-78b8-89fc-417b2ad67acf
KXNCAAFSPREAD-25NOV08LSUALA-ALA9,2025-11-09T03:24:19.860613Z,0.42,50,no,5e1da7c2-276c-67f0-8f36-b2ab748baa83
KXNCAAFSPREAD-25NOV08LSUALA-ALA9,2025-11-09T03:23:39.736683Z,0.5,41,no,49b4130b-afb7-7dcd-a9df-7ccc106613b0
KXNCAAFSPREAD-25NOV08LSUALA-ALA9,2025-11-09T03:23:39.736683Z,0.47,5,no,369a4453-1327-76e8-ab59-f0d2d4a64ea0
KXNCAAFSPREAD-25NOV08LSUALA-ALA9,2025-11-09T03:23:39.736683Z,0.51,10,no,05502f65-e2f9-7d3f-99d3-c62d12dd02c7
KXNCAAFSPREAD-25NOV08LSUALA-ALA9,2025-11-09T03:23:24.40945Z,0.69,147,yes,93ab5c13-0aab-7969-7401-e933a3125f92
KXNCAAFSPREAD-25NOV08LSUALA-ALA9,2025-11-09T03:20:34.214802Z,0.58,14,no,0c6b5586-8f9e-5827-e2d4-1f8f98a3cef6
KXNCAAFSPREAD-25NOV08LSUALA-ALA9,2025-11-09T03:20:33.637044Z,0.58,186,no,2bedb01f-08fe-7de7-e81a-421883f65e7a
KXNCAAFSPREAD-25NOV08LSUALA-ALA9,2025-11-09T03:11:39.191848Z,0.57,8,no,34c04b95-b4c2-5f92-db32-0f9b9d91636d
KXNCAAFSPREAD-25NOV08LSUALA-ALA9,2025-11-09T03:10:25.394164Z,0.56,12,no,3e0c2b8e-b1b2-6536-3e67-f90f1714d25a
KXNCAAFSPREAD-25NOV08LSUALA-ALA9,2025-11-09T03:06:37.709655Z,0.55,8,no,3466300e-258e-5186-99c7-c04dbaf4a5f9
KXNCAAFSPREAD-25NOV08LSUALA-ALA9,2025-11-09T03:05:23.937275Z,0.71,138,yes,7aead62a-dbcf-7f8f-ad2f-93a487f06c8c
KXNCAAFSPREAD-25NOV08LSUALA-ALA9,2025-11-09T03:04:34.325727Z,0.56,136,no,710634dd-f1dd-544a-ee57-abfaf79fadc8
KXNCAAFSPREAD-25NOV08LSUALA-ALA9,2025-11-09T03:03:14.736651Z,0.56,5,no,f6288da2-51b7-4476-ed00-9d9e8d706df9
KXNCAAFSPREAD-25NOV08LSUALA-ALA9,2025-11-09T03:03:14.736651Z,0.56,5,no,21fb0622-21b2-4c72-f4cd-53b0fa4d7419
KXNCAAFSPREAD-25NOV08LSUALA-ALA9,2025-11-09T03:03:14.736651Z,0.56,44,no,0cca3173-b045-4027-e297-e772a4fdb90d
KXNCAAFSPREAD-25NOV08LSUALA-ALA9,2025-11-09T02:08:10.586276Z,0.92,41,yes,34746624-82f6-7a92-af33-036af6f941f4
KXNCAAFSPREAD-25NOV08LSUALA-ALA9,2025-11-09T02:06:31.887212Z,0.59,800,yes,1026a430-7e38-4b25-4a16-cd640d1c5c8d
KXNCAAFSPREAD-25NOV08LSUALA-ALA9,2025-11-09T02:02:10.023571Z,0.58,1,yes,3aefbc91-e083-6fc9-c0a7-3363d9485dd6
KXNCAAFSPREAD-25NOV08LSUALA-ALA9,2025-11-09T02:02:10.023571Z,0.57,10,yes,29c9f34b-6d36-6f5b-eb7e-2a6f091078da
KXNCAAFSPREAD-25NOV08LSUALA-ALA9,2025-11-09T02:01:14.54517Z,0.51,31,no,362dadd4-83b6-635e-55eb-d1da467d269b
KXNCAAFSPREAD-25NOV08LSUALA-ALA9,2025-11-09T02:00:29.115312Z,0.58,217,yes,8be9645a-09b5-6ef7-ef77-c433a91fba7e
KXNCAAFSPREAD-25NOV08LSUALA-ALA9,2025-11-09T02:00:25.474648Z,0.58,695,yes,eeec68de-eb15-6017-531c-1dbb7e8c2e16
KXNCAAFSPREAD-25NOV08LSUALA-ALA9,2025-11-09T01:59:24.598138Z,0.6,56,no,9f4dad45-fb20-78d0-c9ad-13c1f928349b
KXNCAAFSPREAD-25NOV08LSUALA-ALA9,2025-11-09T01:59:24.598138Z,0.6,50,no,1ad38c90-c344-7acf-e0bb-58e325d1cde0
KXNCAAFSPREAD-25NOV08LSUALA-ALA9,2025-11-09T01:59:23.164955Z,0.6,50,no,2d349fe2-1bc0-5cd7-0955-afa491516a04
KXNCAAFSPREAD-25NOV08LSUALA-ALA9,2025-11-09T01:59:20.504952Z,0.6,50,no,57ca8b9c-2684-5243-41d2-fb6642c2ef0c
KXNCAAFSPREAD-25NOV08LSUALA-ALA9,2025-11-09T01:59:17.532574Z,0.6,50,no,0eb7bc46-da94-5a1b-fee0-27a083e79e44
KXNCAAFSPREAD-25NOV08LSUALA-ALA9,2025-11-09T01:59:14.886772Z,0.61,10,no,08a3abfc-2ccd-6438-983e-e0479df7a51a
KXNCAAFSPREAD-25NOV08LSUALA-ALA9,2025-11-09T01:54:25.577656Z,0.93,10,yes,4ca776f3-ac47-5018-f3aa-4ef05c0f51ae
KXNCAAFSPREAD-25NOV08LSUALA-ALA9,2025-11-09T01:51:20.147321Z,0.65,156,yes,e8c4f3f4-f72f-4938-1b5c-5fec6280c00b
KXNCAAFSPREAD-25NOV08LSUALA-ALA9,2025-11-09T01:50:41.445037Z,0.65,15,yes,039eac3f-d633-40b0-54de-b9c65952bb57
KXNCAAFSPREAD-25NOV08LSUALA-ALA9,2025-11-09T01:50:39.666749Z,0.65,150,yes,d666a21a-54cb-6120-4117-f09772d113cb
KXNCAAFSPREAD-25NOV08LSUALA-ALA9,2025-11-09T01:46:50.987827Z,0.91,29,yes,44a7259b-e0c2-5dbe-211c-ff2caaa5a80a
KXNCAAFSPREAD-25NOV08LSUALA-ALA9,2025-11-09T01:46:50.987827Z,0.92,26,yes,07ee8022-58b5-57bd-13f3-79508aad5a21
KXNCAAFSPREAD-25NOV08LSUALA-ALA9,2025-11-09T01:45:54.374509Z,0.44,5,no,8bb731c0-abb7-5a79-b196-2187dd82a911
KXNCAAFSPREAD-25NOV08LSUALA-ALA9,2025-11-09T01:44:12.144995Z,0.42,12,no,666a71ad-2bf4-7de9-0e0e-bb71c8097a52
KXNCAAFSPREAD-25NOV08LSUALA-ALA9,2025-11-09T01:44:12.144995Z,0.43,4,no,1c87c5f0-f92d-7f61-2f61-87dfcf13d1bb
KXNCAAFSPREAD-25NOV08LSUALA-ALA9,2025-11-09T01:43:50.903778Z,0.53,1500,yes,a59be4ef-5f8c-5d52-ff7e-12954201b82a
KXNCAAFSPREAD-25NOV08LSUALA-ALA9,2025-11-09T01:43:50.903778Z,0.51,53,yes,8b79ae5d-a841-5c31-cb0e-8c9d5203a66e
KXNCAAFSPREAD-25NOV08LSUALA-ALA9,2025-11-09T01:43:36.102646Z,0.51,47,yes,67918b3d-ef79-43f9-6287-b5f15271952e
KXNCAAFSPREAD-25NOV08LSUALA-ALA9,2025-11-09T01:42:44.454493Z,0.49,2040,yes,11e317d5-0a74-52e6-adc5-7b43c24c91aa
KXNCAAFSPREAD-25NOV08LSUALA-ALA9,2025-11-09T01:42:43.863507Z,0.49,2040,yes,baf2c5bb-a4e8-541e-c281-ca09610df65e
KXNCAAFSPREAD-25NOV08LSUALA-ALA9,2025-11-09T01:41:37.776106Z,0.52,186,yes,0dd1cffd-7fe4-4d92-7821-2a2296961d66
KXNCAAFSPREAD-25NOV08LSUALA-ALA9,2025-11-09T01:41:21.68855Z,0.46,100,no,94cd59c9-459f-50b6-ea80-1759cef96df9
KXNCAAFSPREAD-25NOV08LSUALA-ALA9,2025-11-09T01:41:21.68855Z,0.45,430,no,32a0a00a-3a10-5ff5-e56b-4ee54b862f2e
KXNCAAFSPREAD-25NOV08LSUALA-ALA9,2025-11-09T01:41:17.142915Z,0.52,27,yes,98a07f39-fd78-75ba-d1ce-5932065023c2
KXNCAAFSPREAD-25NOV08LSUALA-ALA9,2025-11-09T01:40:58.814859Z,0.52,18,yes,830d5af1-7a18-52ca-aa2f-5ed8d2b5ebee
KXNCAAFSPREAD-25NOV08LSUALA-ALA9,2025-11-09T01:40:36.898659Z,0.52,312,yes,8b86f93b-75d0-7726-cf6d-72048e9a0dc6
KXNCAAFSPREAD-25NOV08LSUALA-ALA9,2025-11-09T01:40:10.537378Z,0.45,44,no,3817e068-b9b4-5549-b75e-58249154433e
KXNCAAFSPREAD-25NOV08LSUALA-ALA9,2025-11-09T01:40:07.182027Z,0.45,3721,no,ecd5e277-8c74-72bd-3d68-a5aad7cc220a
KXNCAAFSPREAD-25NOV08LSUALA-ALA9,2025-11-09T01:40:07.182027Z,0.46,199,no,83db3b39-d0c6-7e18-0318-c4ef9d9a6ab4
KXNCAAFSPREAD-25NOV08LSUALA-ALA9,2025-11-09T01:39:38.763462Z,0.45,35,no,1ad08ac5-1170-6745-b538-2bc8357ac806
KXNCAAFSPREAD-25NOV08LSUALA-ALA9,2025-11-09T01:39:29.830654Z,0.52,37,yes,0658cdcc-a0b0-6d96-3bf9-8d2fc393a6ea
KXNCAAFSPREAD-25NOV08LSUALA-ALA9,2025-11-09T01:38:38.267386Z,0.52,61,yes,a8983ef2-769c-59ae-cd56-1c94edc823b6
KXNCAAFSPREAD-25NOV08LSUALA-ALA9,2025-11-09T01:38:34.858983Z,0.45,52,no,299c245f-8e1c-5051-3c58-099b27395b02
KXNCAAFSPREAD-25NOV08LSUALA-ALA9,2025-11-09T01:38:19.244771Z,0.52,6,yes,d53841df-345c-6009-ab66-25a079be8012
KXNCAAFSPREAD-25NOV08LSUALA-ALA9,2025-11-09T01:38:18.878746Z,0.52,63,yes,fa8ddced-f848-7282-8329-5ae3d9b0b4aa
KXNCAAFSPREAD-25NOV08LSUALA-ALA9,2025-11-09T01:38:13.944729Z,0.52,1495,yes,876b5f75-86d4-7dfa-646c-2e0da6433d82
KXNCAAFSPREAD-25NOV08LSUALA-ALA9,2025-11-09T01:38:13.944729Z,0.52,36,yes,0991a335-c27e-73b5-5fef-e2dafbad3613
KXNCAAFSPREAD-25NOV08LSUALA-ALA9,2025-11-09T01:38:10.355593Z,0.52,37,yes,0131de06-8f9c-5116-90d8-c06327da9502
KXNCAAFSPREAD-25NOV08LSUALA-ALA9,2025-11-09T01:37:42.859738Z,0.53,452,yes,d80c8742-ce18-591a-9e64-b2feb7f90232
KXNCAAFSPREAD-25NOV08LSUALA-ALA9,2025-11-09T01:37:42.859738Z,0.5,4,yes,c91672b2-bde1-5d2d-8d8f-7d4e064824a2
KXNCAAFSPREAD-25NOV08LSUALA-ALA9,2025-11-09T01:37:36.88927Z,0.5,96,yes,19c347a5-c719-4bb9-2806-3cf5736b1eae
KXNCAAFSPREAD-25NOV08LSUALA-ALA9,2025-11-09T01:36:53.517766Z,0.49,8,yes,2690688b-bea4-6352-4edf-1f1403eb4cba
KXNCAAFSPREAD-25NOV08LSUALA-ALA9,2025-11-09T01:34:34.247032Z,0.47,21,yes,1e3d6777-9388-40de-ad74-ee26ac31b6ae
KXNCAAFSPREAD-25NOV08LSUALA-ALA9,2025-11-09T01:33:25.296466Z,0.47,726,yes,c4c6b498-30e4-799a-5ba3-5cec707aafde
KXNCAAFSPREAD-25NOV08LSUALA-ALA9,2025-11-09T01:32:58.449488Z,0.47,6,yes,b3b268bc-9788-4a15-4275-e464b08c5177
KXNCAAFSPREAD-25NOV08LSUALA-ALA9,2025-11-09T01:32:58.449488Z,0.48,14,yes,25fbf32f-2704-4216-6b45-9cf94ba14f8a
KXNCAAFSPREAD-25NOV08LSUALA-ALA9,2025-11-09T01:31:48.340501Z,0.48,80,yes,da84178d-6e1c-5282-bd7c-7477b3baf38e
KXNCAAFSPREAD-25NOV08LSUALA-ALA9,2025-11-09T01:30:59.39905Z,0.48,98,yes,ef65d101-5474-5aea-65bf-0dddb7578902
KXNCAAFSPREAD-25NOV08LSUALA-ALA9,2025-11-09T01:30:43.281029Z,0.48,201,yes,63577359-9ad8-4ea6-793b-4cd367c6225a
KXNCAAFSPREAD-25NOV08LSUALA-ALA9,2025-11-09T01:28:06.184168Z,0.45,213,yes,ec969a3b-e744-56aa-ebb1-bf6a09aef38a
KXNCAAFSPREAD-25NOV08LSUALA-ALA9,2025-11-09T01:27:34.650363Z,0.45,213,yes,78074d73-4acc-7e02-0105-5cba3d456b36
KXNCAAFSPREAD-25NOV08LSUALA-ALA9,2025-11-09T01:25:35.670831Z,0.53,9,yes,e534f436-4d1c-7666-d107-525ab8ce88fe
KXNCAAFSPREAD-25NOV08LSUALA-ALA9,2025-11-09T01:23:22.693148Z,0.65,125,yes,ec8588df-9468-4bf6-5479-079052fcf2aa
KXNCAAFSPREAD-25NOV08LSUALA-ALA9,2025-11-09T01:23:22.693148Z,0.65,25,yes,e5128c6d-0e75-4775-4200-ec3943dce6f7
KXNCAAFSPREAD-25NOV08LSUALA-ALA9,2025-11-09T01:20:09.143036Z,0.52,465,yes,01cdedb3-f9f8-41c6-da64-859561a3ddba
KXNCAAFSPREAD-25NOV08LSUALA-ALA9,2025-11-09T01:20:07.376565Z,0.52,93,yes,ee0ebabd-93e8-479a-d929-d6a2fe6f6bd6
KXNCAAFSPREAD-25NOV08LSUALA-ALA9,2025-11-09T01:19:28.782504Z,0.41,19,no,31961d1e-c367-4789-1e4a-d98c9b689f1c
KXNCAAFSPREAD-25NOV08LSUALA-ALA9,2025-11-09T01:18:34.776156Z,0.54,25,yes,28617c35-b31d-5fae-f9d7-a286b5b1580b
KXNCAAFSPREAD-25NOV08LSUALA-ALA9,2025-11-09T01:18:34.776156Z,0.55,20,yes,276fd391-2d17-5a95-fa6a-419fbc9cb5ed
KXNCAAFSPREAD-25NOV08LSUALA-ALA9,2025-11-09T01:18:16.40975Z,0.55,5,yes,16e09a98-fe27-46b9-1b61-577d95586d51
KXNCAAFSPREAD-25NOV08LSUALA-ALA9,2025-11-09T01:17:20.689998Z,0.52,186,yes,8843406d-b894-5b0e-a0cb-7c8c5f9bc1da
KXNCAAFSPREAD-25NOV08LSUALA-ALA9,2025-11-09T01:17:16.533809Z,0.52,13,yes,75d4490b-20d4-610e-6fb7-8722f8f8e7d6
KXNCAAFSPREAD-25NOV08LSUALA-ALA9,2025-11-09T01:16:33.692722Z,0.45,20,no,3d1bdc30-4334-41c1-f080-cc554070aa76
KXNCAAFSPREAD-25NOV08LSUALA-ALA9,2025-11-09T01:16:22.503007Z,0.45,759,no,926bb039-fe08-449d-be15-23187cbf824a
KXNCAAFSPREAD-25NOV08LSUALA-ALA9,2025-11-09T01:16:22.503007Z,0.46,483,no,83cf6bd8-9617-47c1-86b6-1fe5183ac8a5
KXNCAAFSPREAD-25NOV08LSUALA-ALA9,2025-11-09T01:16:18.155518Z,0.46,17,no,cd331b5b-7f83-7c8d-7ea1-9af57a964241
KXNCAAFSPREAD-25NOV08LSUALA-ALA9,2025-11-09T01:16:00.473219Z,0.52,9,yes,0bc789a8-90bc-79f2-598e-b5d91b7658b2
KXNCAAFSPREAD-25NOV08LSUALA-ALA9,2025-11-09T01:15:50.333463Z,0.52,93,yes,7fb5e658-0a30-4bba-a60d-b9620d9dc226
KXNCAAFSPREAD-25NOV08LSUALA-ALA9,2025-11-09T01:15:15.787582Z,0.53,1826,yes,ef2c5a5b-ccb4-67ce-66bc-60ec06d51932
KXNCAAFSPREAD-25NOV08LSUALA-ALA9,2025-11-09T01:15:10.210842Z,0.53,32,yes,32a18105-0bf4-7ea2-86bc-2b14d31103b6
KXNCAAFSPREAD-25NOV08LSUALA-ALA9,2025-11-09T01:14:53.654297Z,0.53,91,yes,0c51040e-bd0c-7e52-6dfe-ca7bd4f9d2b2
KXNCAAFSPREAD-25NOV08LSUALA-ALA9,2025-11-09T01:13:12.498327Z,0.39,23,no,e3417497-d95f-6762-d554-454d6def7b17
KXNCAAFSPREAD-25NOV08LSUALA-ALA9,2025-11-09T01:12:38.560585Z,0.55,40,no,808aaf49-732b-46da-d72c-b4444ad22236
KXNCAAFSPREAD-25NOV08LSUALA-ALA9,2025-11-09T01:12:31.506267Z,0.55,261,yes,31062ee2-b96b-5afd-ffad-069dfc397ae0
KXNCAAFSPREAD-25NOV08LSUALA-ALA9,2025-11-09T01:12:24.229296Z,0.65,301,yes,f0a9f909-ca0e-5473-d0b7-c27ccba39d94
KXNCAAFSPREAD-25NOV08LSUALA-ALA9,2025-11-09T01:12:24.229296Z,0.59,31,yes,cc891004-1c29-5032-e8b7-8b57bf285e39
KXNCAAFSPREAD-25NOV08LSUALA-ALA9,2025-11-09T01:12:24.229296Z,0.55,261,yes,bff69851-1673-57e6-f041-9c7fbc76dbcd
KXNCAAFSPREAD-25NOV08LSUALA-ALA9,2025-11-09T01:12:24.229296Z,0.65,100,yes,9efa0fd8-2d80-55a7-e12a-1a284bd6047a
KXNCAAFSPREAD-25NOV08LSUALA-ALA9,2025-11-09T01:12:24.229296Z,0.6,750,yes,9decb39f-97e2-5435-c316-2e1f5a51352e
KXNCAAFSPREAD-25NOV08LSUALA-ALA9,2025-11-09T01:12:17.012391Z,0.55,52,yes,543077fd-3cf3-58ae-838a-50a99c491a69
KXNCAAFSPREAD-25NOV08LSUALA-ALA9,2025-11-09T01:12:00.478053Z,0.43,170,no,45468888-8690-74e5-f3b2-41293dbfb266
KXNCAAFSPREAD-25NOV08LSUALA-ALA9,2025-11-09T01:11:48.460844Z,0.52,20,yes,3670a3ee-ed40-41ec-91bb-deb2af0a5447
KXNCAAFSPREAD-25NOV08LSUALA-ALA9,2025-11-09T01:10:53.830444Z,0.49,41,yes,a446f169-f0c4-7585-e2db-e182a9385837
KXNCAAFSPREAD-25NOV08LSUALA-ALA9,2025-11-09T01:10:45.526688Z,0.47,20,yes,a2469f08-112f-6b96-b8ec-ef520e3e1262
KXNCAAFSPREAD-25NOV08LSUALA-ALA9,2025-11-09T01:10:45.526688Z,0.46,10,yes,56a8fca5-6ff9-635a-a805-713fc752adf6
KXNCAAFSPREAD-25NOV08LSUALA-ALA9,2025-11-09T01:10:45.526688Z,0.49,168,yes,06e4dba2-3640-6179-a020-82a3a064104f
KXNCAAFSPREAD-25NOV08LSUALA-ALA9,2025-11-09T01:10:45.094081Z,0.43,1,no,ee9ec022-d38c-4f11-ba06-6274d9bf519a
KXNCAAFSPREAD-25NOV08LSUALA-ALA9,2025-11-09T01:09:47.727393Z,0.43,17,no,661b560c-5c34-5ef1-ced0-45d3de0332c6
KXNCAAFSPREAD-25NOV08LSUALA-ALA9,2025-11-09T01:09:34.004672Z,0.5,136,yes,d55e983a-37d2-69b1-ce29-0ec5c54a8922
KXNCAAFSPREAD-25NOV08LSUALA-ALA9,2025-11-09T01:08:53.641007Z,0.5,30,yes,45ec1ba2-35f6-75dd-4643-34d913d3332a
KXNCAAFSPREAD-25NOV08LSUALA-ALA9,2025-11-09T01:08:48.192565Z,0.48,400,no,23038f36-d638-534e-16ff-bd6685806323
KXNCAAFSPREAD-25NOV08LSUALA-ALA9,2025-11-09T01:08:36.35856Z,0.48,31,yes,f04b860c-c720-4db0-fd1a-123c4de5b276
KXNCAAFSPREAD-25NOV08LSUALA-ALA9,2025-11-09T01:08:36.35856Z,0.5,561,yes,6c898127-7ad6-4bed-c5f6-876aed50cffa
KXNCAAFSPREAD-25NOV08LSUALA-ALA9,2025-11-09T01:08:14.299855Z,0.5,375,yes,f0039edb-7abe-4b01-6a95-ce88eafb51f6
KXNCAAFSPREAD-25NOV08LSUALA-ALA9,2025-11-09T01:08:14.299855Z,0.48,200,yes,3149c5de-ba45-4202-783c-4f843b527c69
KXNCAAFSPREAD-25NOV08LSUALA-ALA9,2025-11-09T01:07:59.660078Z,0.49,19,yes,2de7b4b5-8e3a-5a91-b306-c4b29f83780c
KXNCAAFSPREAD-25NOV08LSUALA-ALA9,2025-11-09T01:07:32.252792Z,0.37,464,no,c60ddae7-aaf9-608c-f8ff-fb5a9ba4e3aa
KXNCAAFSPREAD-25NOV08LSUALA-ALA9,2025-11-09T01:06:56.547954Z,0.5,193,yes,a3ecc6fe-819e-5cf1-5817-da9459f0018e
KXNCAAFSPREAD-25NOV08LSUALA-ALA9,2025-11-09T01:05:42.922705Z,0.48,22,no,8c10000c-5ef2-6a5a-d0b9-05cf519ee31d
KXNCAAFSPREAD-25NOV08LSUALA-ALA9,2025-11-09T01:04:12.598324Z,0.51,380,yes,ef0bad55-9e66-5dc9-b815-a0332791b2a6
KXNCAAFSPREAD-25NOV08LSUALA-ALA9,2025-11-09T01:04:12.598324Z,0.5,16,yes,d064483e-6851-543f-bf53-ae758a399599
KXNCAAFSPREAD-25NOV08LSUALA-ALA9,2025-11-09T01:03:49.721344Z,0.45,256,no,ff3e18f2-ca5f-6d35-064b-fd963fdfb3d1
KXNCAAFSPREAD-25NOV08LSUALA-ALA9,2025-11-09T01:03:49.721344Z,0.44,354,no,3d05c1d0-1390-641d-062a-ab125de878fe
KXNCAAFSPREAD-25NOV08LSUALA-ALA9,2025-11-09T01:03:45.669367Z,0.51,37,yes,90d26921-6f26-5955-d7ee-b8df28ea6bda
KXNCAAFSPREAD-25NOV08LSUALA-ALA9,2025-11-09T01:03:36.053658Z,0.44,606,no,24709642-9e0c-4cf5-3d21-ef97694153ee
KXNCAAFSPREAD-25NOV08LSUALA-ALA9,2025-11-09T01:03:31.052418Z,0.51,155,yes,62321fde-b3da-7a15-77f0-3899a9ff16c2
KXNCAAFSPREAD-25NOV08LSUALA-ALA9,2025-11-09T01:03:31.052418Z,0.5,15,yes,5d0d2dd4-cc41-793c-5e15-fc08c329164b
KXNCAAFSPREAD-25NOV08LSUALA-ALA9,2025-11-09T01:03:09.088108Z,0.51,12,yes,a5a758bd-51d6-7839-1448-92db35d252ce
KXNCAAFSPREAD-25NOV08LSUALA-ALA9,2025-11-09T01:03:05.46127Z,0.51,23,yes,42919078-0092-45d5-abe1-56eeaace3c8e
KXNCAAFSPREAD-25NOV08LSUALA-ALA9,2025-11-09T01:03:02.45181Z,0.51,115,yes,60beaa7e-fa46-7ced-426b-ec72aa869516
KXNCAAFSPREAD-25NOV08LSUALA-ALA9,2025-11-09T01:03:02.45181Z,0.51,4,yes,4885d54d-702a-72a3-5c8e-198c850efe1d
KXNCAAFSPREAD-25NOV08LSUALA-ALA9,2025-11-09T01:02:12.904868Z,0.51,34,yes,554674d3-7bba-5619-b87d-9cff70e3cbba
KXNCAAFSPREAD-25NOV08LSUALA-ALA9,2025-11-09T01:02:12.904868Z,0.5,16,yes,28265b2d-7ef6-55b8-a563-2317f66a4e13
KXNCAAFSPREAD-25NOV08LSUALA-ALA9,2025-11-09T01:01:55.253191Z,0.45,19,no,82e5f8f4-a37b-45cd-ca52-017475eb6601
KXNCAAFSPREAD-25NOV08LSUALA-ALA9,2025-11-09T01:01:51.496266Z,0.51,47,yes,fbf193ac-039e-7835-f716-43310771950a
KXNCAAFSPREAD-25NOV08LSUALA-ALA9,2025-11-09T01:01:51.496266Z,0.51,11,yes,61cc7f4a-d722-74f9-df93-34261954fac4
KXNCAAFSPREAD-25NOV08LSUALA-ALA9,2025-11-09T01:01:45.510131Z,0.51,18,yes,0e521ebe-b2ce-53e5-0a57-d518929b4176
KXNCAAFSPREAD-25NOV08LSUALA-ALA9,2025-11-09T01:00:58.158529Z,0.44,7,yes,ec059ad7-2e32-6b97-9cd6-84807e4fe50b
KXNCAAFSPREAD-25NOV08LSUALA-ALA9,2025-11-09T01:00:58.158529Z,0.43,99,yes,89da393a-6529-6854-9ebb-4e01356bb581
KXNCAAFSPREAD-25NOV08LSUALA-ALA9,2025-11-09T00:58:14.504556Z,0.44,8,yes,3c7e56d1-77d6-40af-3538-0f7b04d33aab
KXNCAAFSPREAD-25NOV08LSUALA-ALA9,2025-11-09T00:56:37.586271Z,0.37,61,no,290838f4-ebec-6891-788a-5077d4c74a9a
KXNCAAFSPREAD-25NOV08LSUALA-ALA9,2025-11-09T00:56:26.037336Z,0.44,200,yes,2de8cb27-a98e-6e87-433a-575be551d68b
KXNCAAFSPREAD-25NOV08LSUALA-ALA9,2025-11-09T00:55:31.48005Z,0.26,1,no,e1e5f6d2-7574-796d-da63-7983ef7d8a27
KXNCAAFSPREAD-25NOV08LSUALA-ALA9,2025-11-09T00:54:58.221391Z,0.26,13,no,da5301bc-a1c0-50a0-f054-09cf85e8d356
KXNCAAFSPREAD-25NOV08LSUALA-ALA9,2025-11-09T00:54:56.275445Z,0.26,13,no,0dbe6815-0ddc-6ad4-b000-e11903795c42
KXNCAAFSPREAD-25NOV08LSUALA-ALA9,2025-11-09T00:54:20.203675Z,0.44,1,yes,3be3cdf1-7bd2-6223-4d9a-660f3212ff07
KXNCAAFSPREAD-25NOV08LSUALA-ALA9,2025-11-09T00:53:55.760046Z,0.39,100,no,4537ac8b-2548-4dad-9776-500c9f4a30ed
KXNCAAFSPREAD-25NOV08LSUALA-ALA9,2025-11-09T00:53:04.362771Z,0.56,34,yes,5ec4fea0-2216-5ff9-333a-bc8aa3221a86
KXNCAAFSPREAD-25NOV08LSUALA-ALA9,2025-11-09T00:50:54.5746Z,0.44,17,no,dec6124c-d0f8-40d5-4e6a-20100f9d0112
KXNCAAFSPREAD-25NOV08LSUALA-ALA9,2025-11-09T00:50:14.772291Z,0.5,9,yes,4b12fdb8-3b52-48a9-a652-a752e45a764e
KXNCAAFSPREAD-25NOV08LSUALA-ALA9,2025-11-09T00:49:50.657731Z,0.49,10,no,eb5aa3a9-1328-7de1-baf0-47449fab2252
KXNCAAFSPREAD-25NOV08LSUALA-ALA9,2025-11-09T00:49:42.779593Z,0.53,10,yes,bf71d250-1155-6d41-0c7f-67c9e4ecf40b
KXNCAAFSPREAD-25NOV08LSUALA-ALA9,2025-11-09T00:49:42.779593Z,0.64,14,yes,702dc09a-7a36-6a65-2f7a-fe797e2086ee
KXNCAAFSPREAD-25NOV08LSUALA-ALA9,2025-11-09T00:48:17.241948Z,0.59,164,yes,887a61e0-55ce-73dd-8e26-e6c2f0237096
KXNCAAFSPREAD-25NOV08LSUALA-ALA9,2025-11-09T00:48:14.285578Z,0.59,247,yes,f73da4bf-96de-7c35-7653-d8a776b292ee
KXNCAAFSPREAD-25NOV08LSUALA-ALA9,2025-11-09T00:48:13.119986Z,0.58,25,no,fda90ae4-8da6-4093-12b8-587daed1f26f
KXNCAAFSPREAD-25NOV08LSUALA-ALA9,2025-11-09T00:47:05.331429Z,0.57,243,yes,9333fb58-84c6-4989-140a-a1f31b8a94c6
KXNCAAFSPREAD-25NOV08LSUALA-ALA9,2025-11-09T00:46:59.706939Z,0.57,715,yes,9342bb93-874a-4be5-158f-d9af02a2217e
KXNCAAFSPREAD-25NOV08LSUALA-ALA9,2025-11-09T00:45:53.544733Z,0.55,519,yes,ac4c0927-25c6-6ef5-99d2-fc980f89be5a
KXNCAAFSPREAD-25NOV08LSUALA-ALA9,2025-11-09T00:43:47.52132Z,0.57,139,yes,e8eee833-233a-7748-0446-05d02fe34664
KXNCAAFSPREAD-25NOV08LSUALA-ALA9,2025-11-09T00:41:14.987509Z,0.62,32,yes,bfec4e3d-bf83-4414-fd27-be6460486e17
KXNCAAFSPREAD-25NOV08LSUALA-ALA9,2025-11-09T00:40:12.889937Z,0.55,44,yes,f214733e-5c56-572c-e6e3-c57cb723e749
KXNCAAFSPREAD-25NOV08LSUALA-ALA9,2025-11-09T00:39:16.797031Z,0.55,175,yes,32a9b93e-e64e-5698-ae28-82c3f634d989
KXNCAAFSPREAD-25NOV08LSUALA-ALA9,2025-11-09T00:37:03.581461Z,0.55,33,yes,37dc3448-6a7a-7f30-41a9-d53aa9d0d695
KXNCAAFSPREAD-25NOV08LSUALA-ALA9,2025-11-09T00:36:52.984423Z,0.55,18,yes,f846226d-9e00-557d-196b-84ecc6a0ba59
KXNCAAFSPREAD-25NOV08LSUALA-ALA9,2025-11-09T00:36:52.984423Z,0.55,11,yes,cc523ae4-cc8a-5ac0-3bf4-26299d210ab5
KXNCAAFSPREAD-25NOV08LSUALA-ALA9,2025-11-09T00:36:51.2077Z,0.55,282,yes,f1e70cac-181a-5f58-eab4-9e12fae7c7bd
KXNCAAFSPREAD-25NOV08LSUALA-ALA9,2025-11-09T00:36:03.397773Z,0.55,528,yes,9951b7bb-6826-61c8-356d-33155ecbd879
KXNCAAFSPREAD-25NOV08LSUALA-ALA9,2025-11-09T00:35:59.941902Z,0.49,398,no,b5427494-bb1d-7fd6-32b8-f2db626e279a
KXNCAAFSPREAD-25NOV08LSUALA-ALA9,2025-11-09T00:35:59.941902Z,0.5,67,no,1552eac4-04d1-7942-0be1-30ddff46269b
KXNCAAFSPREAD-25NOV08LSUALA-ALA9,2025-11-09T00:35:59.941902Z,0.5,10,no,04db694f-d402-7b5c-0c55-aa29f5ebbe07
KXNCAAFSPREAD-25NOV08LSUALA-ALA9,2025-11-09T00:35:51.524064Z,0.55,6,yes,e3b2fdcb-6636-5e78-4c4d-f321a852ba2d
KXNCAAFSPREAD-25NOV08LSUALA-ALA9,2025-11-09T00:35:23.295162Z,0.55,88,yes,cd56ef9b-372e-65e8-b617-a56f40e776cd
KXNCAAFSPREAD-25NOV08LSUALA-ALA9,2025-11-09T00:35:21.169379Z,0.54,16,yes,f961deff-81ec-5a5d-7312-492a6c98aed2
KXNCAAFSPREAD-25NOV08LSUALA-ALA9,2025-11-09T00:35:21.169379Z,0.55,107,yes,d27d4493-e70e-5658-6bdc-c16f8021e785
KXNCAAFSPREAD-25NOV08LSUALA-ALA9,2025-11-09T00:34:57.049062Z,0.55,42,yes,cb7c13e1-31ca-586c-e9a6-63e5c27e4a45
KXNCAAFSPREAD-25NOV08LSUALA-ALA9,2025-11-09T00:34:57.049062Z,0.55,6,yes,ac6eb50b-149c-5be1-c4cd-cee30dbee8cd
KXNCAAFSPREAD-25NOV08LSUALA-ALA9,2025-11-09T00:34:57.049062Z,0.54,22,yes,56d3298a-c664-5c84-d8e0-1a6637943b86
KXNCAAFSPREAD-25NOV08LSUALA-ALA9,2025-11-09T00:34:52.245595Z,0.54,17,yes,8b3cdb2d-2d54-7b2c-a7fe-02d4ba0e0966
KXNCAAFSPREAD-25NOV08LSUALA-ALA9,2025-11-09T00:34:46.874531Z,0.54,22,yes,e9c86c5e-9d76-578e-267d-bb90fcc90f61
KXNCAAFSPREAD-25NOV08LSUALA-ALA9,2025-11-09T00:34:46.874531Z,0.55,4,yes,a74090be-5cc4-5391-0710-ddf7c9c31fe9
KXNCAAFSPREAD-25NOV08LSUALA-ALA9,2025-11-09T00:34:43.497141Z,0.54,21,yes,bf1777f0-98c2-623b-0ddf-b72d81a8b732
KXNCAAFSPREAD-25NOV08LSUALA-ALA9,2025-11-09T00:34:43.497141Z,0.55,67,yes,2a04aaaa-2eaa-6490-1162-86edd27481b5
KXNCAAFSPREAD-25NOV08LSUALA-ALA9,2025-11-09T00:34:29.93791Z,0.52,50,no,9f302008-688d-6a49-95dd-190798bddb2c
KXNCAAFSPREAD-25NOV08LSUALA-ALA9,2025-11-09T00:34:04.282394Z,0.55,4945,yes,af3f84e8-bd82-72f0-a64b-ce2191452f85
KXNCAAFSPREAD-25NOV08LSUALA-ALA9,2025-11-09T00:34:04.282394Z,0.54,55,yes,7de95ab6-2905-78e1-8bb1-09701b53dcd3
KXNCAAFSPREAD-25NOV08LSUALA-ALA9,2025-11-09T00:33:36.051173Z,0.54,54,yes,976f783f-f099-7e25-76f7-0f9b9b8e4939
KXNCAAFSPREAD-25NOV08LSUALA-ALA9,2025-11-09T00:32:55.964205Z,0.51,1557,no,b942915a-30d1-63b6-35d0-8a2fa749f4ef
KXNCAAFSPREAD-25NOV08LSUALA-ALA9,2025-11-09T00:32:55.964205Z,0.52,421,no,7aad674b-a4b3-6aa3-12a2-fba89c46fb3c
KXNCAAFSPREAD-25NOV08LSUALA-ALA9,2025-11-09T00:32:52.855831Z,0.54,10,yes,8945b1d5-86f1-46b5-6b9b-bced0346dd39
KXNCAAFSPREAD-25NOV08LSUALA-ALA9,2025-11-09T00:31:07.329467Z,0.53,5,no,3475d4ef-af6e-5d60-12a9-9cc721a03b27
KXNCAAFSPREAD-25NOV08LSUALA-ALA9,2025-11-09T00:31:07.329467Z,0.53,56,no,154e8a32-f525-56ed-34d7-b674ad7900c4
KXNCAAFSPREAD-25NOV08LSUALA-ALA9,2025-11-09T00:30:46.149378Z,0.54,37,yes,c6a60a59-387e-4fdc-a200-b919ac84d724
KXNCAAFSPREAD-25NOV08LSUALA-ALA9,2025-11-09T00:30:46.149378Z,0.55,139,yes,a69a9148-9902-448c-9c7d-15bb91f6aec5
KXNCAAFSPREAD-25NOV08LSUALA-ALA9,2025-11-09T00:30:21.540544Z,0.54,50,yes,198c492d-bdad-7bff-bcce-84423c96c530
KXNCAAFSPREAD-25NOV08LSUALA-ALA9,2025-11-09T00:29:36.428445Z,0.54,179,yes,759c8901-4145-6d3f-42f0-2b9d9a566853
KXNCAAFSPREAD-25NOV08LSUALA-ALA9,2025-11-09T00:29:36.12377Z,0.54,35,yes,0b26d5c2-03c9-76a7-966d-ee92d21e6463
KXNCAAFSPREAD-25NOV08LSUALA-ALA9,2025-11-09T00:28:37.450796Z,0.53,90,no,8e48d1e3-4bae-6632-9b71-2c348ad841f3
KXNCAAFSPREAD-25NOV08LSUALA-ALA9,2025-11-09T00:28:30.491482Z,0.53,51,no,9b1d9bb0-42e5-7670-6980-43c9274b92bf
KXNCAAFSPREAD-25NOV08LSUALA-ALA9,2025-11-09T00:27:49.685364Z,0.55,277,yes,86c24510-c48e-5c0b-a156-0b44417c7516
KXNCAAFSPREAD-25NOV08LSUALA-ALA9,2025-11-09T00:27:33.138389Z,0.55,176,yes,5fd58ead-110a-5cab-e5f9-70e13f454776
KXNCAAFSPREAD-25NOV08LSUALA-ALA9,2025-11-09T00:27:24.875248Z,0.55,43,yes,5b326a24-638e-733f-d16b-85e4fc5525da
KXNCAAFSPREAD-25NOV08LSUALA-ALA9,2025-11-09T00:27:00.854798Z,0.53,102,no,3d1275b0-7479-7cc9-109b-e47c4453fb81
KXNCAAFSPREAD-25NOV08LSUALA-ALA9,2025-11-09T00:26:51.028586Z,0.55,88,yes,5ff1d057-4b92-4ddb-0b62-874170d91166
KXNCAAFSPREAD-25NOV08LSUALA-ALA9,2025-11-09T00:26:17.011682Z,0.53,205,no,8a36d71f-2632-4207-201a-a025559bff01
KXNCAAFSPREAD-25NOV08LSUALA-ALA9,2025-11-09T00:25:37.536045Z,0.55,2291,yes,1df33b76-9d8a-770b-d099-03457f06c47e
KXNCAAFSPREAD-25NOV08LSUALA-ALA9,2025-11-09T00:25:32.940026Z,0.55,215,yes,9d0c0fdf-21aa-734f-d200-c7c5c661fcaa
KXNCAAFSPREAD-25NOV08LSUALA-ALA9,2025-11-09T00:24:53.420706Z,0.55,220,yes,5df46016-594a-6247-e725-33ae54cd6a8a
KXNCAAFSPREAD-25NOV08LSUALA-ALA9,2025-11-09T00:24:21.207986Z,0.55,47,yes,08269862-63f6-44f7-04dd-383e3d65757e
KXNCAAFSPREAD-25NOV08LSUALA-ALA9,2025-11-09T00:24:14.566789Z,0.55,7,yes,52cf8503-d352-7333-64d5-528f084cfeae
KXNCAAFSPREAD-25NOV08LSUALA-ALA9,2025-11-09T00:23:32.896069Z,0.55,61,yes,3670d045-ecaa-79e7-4c5e-43ae0e58be96
KXNCAAFSPREAD-25NOV08LSUALA-ALA9,2025-11-09T00:22:36.402805Z,0.54,53,yes,6dfbcb26-ee19-4bbe-33b1-6d30fb711e74
KXNCAAFSPREAD-25NOV08LSUALA-ALA9,2025-11-09T00:22:01.086557Z,0.54,25,yes,41c22b43-60b1-67de-271f-dfc7906a9134
KXNCAAFSPREAD-25NOV08LSUALA-ALA9,2025-11-09T00:21:59.783505Z,0.54,462,yes,89d1bdd8-3b6b-4d69-b581-4c38da9ae316
KXNCAAFSPREAD-25NOV08LSUALA-ALA9,2025-11-09T00:21:59.783505Z,0.54,121,yes,1b757e36-a5dd-4e72-972d-d31fc7d3327c
KXNCAAFSPREAD-25NOV08LSUALA-ALA9,2025-11-09T00:21:06.590865Z,0.54,8,yes,98a0e8d4-b063-4c19-19da-92238f4d75e2
KXNCAAFSPREAD-25NOV08LSUALA-ALA9,2025-11-09T00:21:02.378355Z,0.54,18,yes,ba96bd51-00e7-47a9-66e4-a5fba6130f5e
KXNCAAFSPREAD-25NOV08LSUALA-ALA9,2025-11-09T00:19:57.559203Z,0.54,12,no,36b9a977-22cf-6e71-1277-9fa26f0d0993
KXNCAAFSPREAD-25NOV08LSUALA-ALA9,2025-11-09T00:19:40.953898Z,0.55,705,yes,561d6d56-cf79-513e-0e55-3727a435096b
KXNCAAFSPREAD-25NOV08LSUALA-ALA9,2025-11-09T00:19:37.885406Z,0.55,200,yes,e5fa7cb6-42cd-707a-ec8a-a4549b16d4cf
KXNCAAFSPREAD-25NOV08LSUALA-ALA9,2025-11-09T00:17:55.735358Z,0.55,20,yes,72063b75-4653-6f53-cc92-9f7a4bf8d89d
KXNCAAFSPREAD-25NOV08LSUALA-ALA9,2025-11-09T00:17:48.482878Z,0.55,10,yes,c5901cdd-b037-592a-03c6-68128263e9f5
KXNCAAFSPREAD-25NOV08LSUALA-ALA9,2025-11-09T00:17:48.482878Z,0.55,342,yes,17d3ca7a-af63-52eb-3aad-79dd05dd9121
KXNCAAFSPREAD-25NOV08LSUALA-ALA9,2025-11-09T00:17:36.808121Z,0.52,50,no,9b412454-bbab-4b89-39ab-72362deaad6d
KXNCAAFSPREAD-25NOV08LSUALA-ALA9,2025-11-09T00:16:36.854071Z,0.53,62,yes,214bd382-a69d-76df-a321-6f22fd584cbb
KXNCAAFSPREAD-25NOV08LSUALA-ALA9,2025-11-09T00:16:36.854071Z,0.54,387,yes,16644c08-3e24-7780-b162-4bd7362d6d36
KXNCAAFSPREAD-25NOV08LSUALA-ALA9,2025-11-09T00:16:06.673306Z,0.52,3223,no,53444c02-9c88-616e-8c8a-f9034008d844
KXNCAAFSPREAD-25NOV08LSUALA-ALA9,2025-11-09T00:16:01.477035Z,0.53,2,no,b581280b-dfef-6069-194c-3248b83b5af2
KXNCAAFSPREAD-25NOV08LSUALA-ALA9,2025-11-09T00:16:01.477035Z,0.53,100,no,3f403928-2f45-6068-1d63-ab6b7fed2e8b
KXNCAAFSPREAD-25NOV08LSUALA-ALA9,2025-11-09T00:15:38.97123Z,0.54,213,yes,666e6c73-deb8-68d0-ca4f-7bb590025b1e
KXNCAAFSPREAD-25NOV08LSUALA-ALA9,2025-11-09T00:14:09.018654Z,0.54,897,yes,98d39d9f-82a4-5220-a04d-fddb57f825ee
KXNCAAFSPREAD-25NOV08LSUALA-ALA9,2025-11-09T00:13:37.846026Z,0.53,20,no,c1313b3b-a0aa-5ac0-3f90-862c9f6ed327
KXNCAAFSPREAD-25NOV08LSUALA-ALA9,2025-11-09T00:13:37.008174Z,0.52,40,no,98dffb3f-911e-700c-e03f-d48c0c55cfb3
KXNCAAFSPREAD-25NOV08LSUALA-ALA9,2025-11-09T00:13:18.283256Z,0.54,179,yes,dea3b2aa-e1b4-6d64-95b6-bf19324a5cf2
KXNCAAFSPREAD-25NOV08LSUALA-ALA9,2025-11-09T00:12:32.054735Z,0.54,519,yes,bd1e20c9-d8ae-59ba-3dbf-0e7283073dbc
KXNCAAFSPREAD-25NOV08LSUALA-ALA9,2025-11-09T00:12:11.835159Z,0.54,35,yes,73036c80-19e5-5a4d-4f63-ba4b2ea214a9
KXNCAAFSPREAD-25NOV08LSUALA-ALA9,2025-11-09T00:11:42.45444Z,0.52,2010,no,d338fb7a-a8ff-757a-44c1-a4ab8d059531
KXNCAAFSPREAD-25NOV08LSUALA-ALA9,2025-11-09T00:11:34.391068Z,0.52,30,no,eb4597a8-c8f7-47b2-4955-14af63bbc6cd
KXNCAAFSPREAD-25NOV08LSUALA-ALA9,2025-11-09T00:11:29.939954Z,0.52,5,no,f2c520fb-8137-40ca-1db4-608b87bec905
KXNCAAFSPREAD-25NOV08LSUALA-ALA9,2025-11-09T00:11:16.600843Z,0.54,114,yes,17f6df2d-5e08-5320-b272-fce174b21612
KXNCAAFSPREAD-25NOV08LSUALA-ALA9,2025-11-09T00:11:16.175307Z,0.54,113,yes,d5b92901-ca2c-44f4-8074-145423e84f36
KXNCAAFSPREAD-25NOV08LSUALA-ALA9,2025-11-09T00:11:16.175307Z,0.54,186,yes,a7e64535-fe97-4cd7-b3ac-312dad26d94c
KXNCAAFSPREAD-25NOV08LSUALA-ALA9,2025-11-09T00:10:45.830314Z,0.52,201,no,c9248875-f5a3-68ee-d2a5-172776a2a6c1
KXNCAAFSPREAD-25NOV08LSUALA-ALA9,2025-11-09T00:10:10.848485Z,0.54,111,yes,5588d6ba-a86b-41a3-395e-539e7137611d
KXNCAAFSPREAD-25NOV08LSUALA-ALA9,2025-11-09T00:09:32.929684Z,0.54,134,yes,0e9d6d40-83c2-76c1-770f-1858e4ebcbcb
KXNCAAFSPREAD-25NOV08LSUALA-ALA9,2025-11-09T00:09:17.487486Z,0.54,35,yes,e3e2676e-58fe-4ec9-1f73-4928bcbdd49f
KXNCAAFSPREAD-25NOV08LSUALA-ALA9,2025-11-09T00:09:12.386408Z,0.54,35,yes,d8501230-1176-7b6d-8262-4f2ca908702f
KXNCAAFSPREAD-25NOV08LSUALA-ALA9,2025-11-09T00:08:24.61777Z,0.54,44,yes,8ee92db1-1fda-6c0d-6332-c64080938683
KXNCAAFSPREAD-25NOV08LSUALA-ALA9,2025-11-09T00:08:19.265867Z,0.54,360,yes,4abb1097-cf82-71b9-6ed0-2aa4e58c516b
KXNCAAFSPREAD-25NOV08LSUALA-ALA9,2025-11-09T00:07:54.789418Z,0.54,26,yes,7ced091e-4dc2-7ecd-a27b-c0554e16fed7
KXNCAAFSPREAD-25NOV08LSUALA-ALA9,2025-11-09T00:07:50.105606Z,0.53,248,yes,62e2d776-1170-618a-3861-496192fe3bcc
KXNCAAFSPREAD-25NOV08LSUALA-ALA9,2025-11-09T00:07:50.105606Z,0.54,204,yes,46cbf4aa-385a-65ad-1801-9965e2b57b7b
KXNCAAFSPREAD-25NOV08LSUALA-ALA9,2025-11-09T00:07:37.525968Z,0.53,73,yes,119efe61-5414-591e-1f29-fe823f6381f8
KXNCAAFSPREAD-25NOV08LSUALA-ALA9,2025-11-09T00:07:33.663222Z,0.51,505,no,d7f08360-7d9e-6806-0dc5-4876cb699856
KXNCAAFSPREAD-25NOV08LSUALA-ALA9,2025-11-09T00:07:33.663222Z,0.52,489,no,1a8af42e-b869-6dbb-16c8-44ed52c920d7
KXNCAAFSPREAD-25NOV08LSUALA-ALA9,2025-11-09T00:07:16.883311Z,0.54,134,yes,7b3f7aa4-deca-7a15-6b99-a598ef8312ab
KXNCAAFSPREAD-25NOV08LSUALA-ALA9,2025-11-09T00:07:04.887129Z,0.54,179,yes,39b084a6-40f2-50e1-a359-a4d21c8a9f0f
KXNCAAFSPREAD-25NOV08LSUALA-ALA9,2025-11-09T00:06:36.85543Z,0.54,39,yes,4452ae91-14f6-4c0d-4248-430bf821713b
KXNCAAFSPREAD-25NOV08LSUALA-ALA9,2025-11-09T00:06:21.161206Z,0.54,35,yes,f214dad3-b50e-6e49-35a8-3aa4c8d5aab7
KXNCAAFSPREAD-25NOV08LSUALA-ALA9,2025-11-09T00:05:02.135272Z,0.54,26,yes,ea15f250-a73e-534d-a207-9abd19929707
KXNCAAFSPREAD-25NOV08LSUALA-ALA9,2025-11-09T00:04:37.336817Z,0.54,71,yes,9984516c-c682-7fe5-95f8-d4aa4a506f43
KXNCAAFSPREAD-25NOV08LSUALA-ALA9,2025-11-09T00:04:24.838042Z,0.51,50,no,b464ca35-2af2-556a-ce92-5ad8b7e7d896
KXNCAAFSPREAD-25NOV08LSUALA-ALA9,2025-11-09T00:04:09.840288Z,0.54,26,yes,d78dd390-8452-7bf1-d4ea-76e26931bca7
KXNCAAFSPREAD-25NOV08LSUALA-ALA9,2025-11-09T00:03:51.464545Z,0.51,145,no,7c553713-d1f2-6cae-b8d2-fdba8a6acc06
KXNCAAFSPREAD-25NOV08LSUALA-ALA9,2025-11-09T00:03:51.464545Z,0.52,254,no,0922085d-e793-640b-8a9b-e1965c757ebe
KXNCAAFSPREAD-25NOV08LSUALA-ALA9,2025-11-09T00:03:46.515529Z,0.54,35,yes,606ee42b-31d2-78fd-82ed-8b90933b7ee7
KXNCAAFSPREAD-25NOV08LSUALA-ALA9,2025-11-09T00:03:06.120585Z,0.54,609,yes,fc5913bc-5ba5-49ff-36b2-9a5b036821b5
KXNCAAFSPREAD-25NOV08LSUALA-ALA9,2025-11-09T00:03:06.120585Z,0.54,3427,yes,ba499cc2-1402-46f6-308b-dfdbde71d4c6
KXNCAAFSPREAD-25NOV08LSUALA-ALA9,2025-11-09T00:02:58.031583Z,0.54,211,yes,857430e6-475a-56aa-4da5-d8675b0f4dd6
KXNCAAFSPREAD-25NOV08LSUALA-ALA9,2025-11-09T00:02:17.260692Z,0.54,3335,yes,69511154-a242-791a-6bae-d4f63aed28ca
KXNCAAFSPREAD-25NOV08LSUALA-ALA9,2025-11-09T00:01:41.596529Z,0.53,913,yes,eafcf60f-e1de-78f0-d785-eaa3a7b4b5ea
KXNCAAFSPREAD-25NOV08LSUALA-ALA9,2025-11-09T00:01:35.533859Z,0.52,107,no,c70eff8b-4bbd-6e14-0dff-8bcb5bbdb2f4
KXNCAAFSPREAD-25NOV08LSUALA-ALA9,2025-11-09T00:01:35.533859Z,0.52,707,no,34349da0-4727-6f63-3e4b-a49ed3d3f8f6
KXNCAAFSPREAD-25NOV08LSUALA-ALA9,2025-11-09T00:01:28.681502Z,0.53,237,yes,32b3a3f0-ef9a-7028-1566-5d63c8dece96
KXNCAAFSPREAD-25NOV08LSUALA-ALA9,2025-11-09T00:01:23.227336Z,0.52,64,yes,d42ebeac-f889-7cd4-4b1a-536f44121c34
KXNCAAFSPREAD-25NOV08LSUALA-ALA9,2025-11-09T00:01:20.65322Z,0.52,107,yes,bb86d65b-b659-5150-0745-aebe55a2b330
KXNCAAFSPREAD-25NOV08LSUALA-ALA9,2025-11-09T00:01:12.405001Z,0.52,145,yes,5bc42acc-fbf9-718c-75f6-7c923ee4df94
KXNCAAFSPREAD-25NOV08LSUALA-ALA9,2025-11-09T00:00:47.055587Z,0.51,19,no,f2fab0a5-a40a-5476-b7d3-a8696de8fcfe
KXNCAAFSPREAD-25NOV08LSUALA-ALA9,2025-11-09T00:00:38.712783Z,0.52,186,yes,5e6f8ebf-e5d1-4258-a68c-385c8df5beac
KXNCAAFSPREAD-25NOV08LSUALA-ALA9,2025-11-09T00:00:26.954394Z,0.51,9,no,49436e97-536a-654a-75cf-b2f2775cfcd6
KXNCAAFSPREAD-25NOV08LSUALA-ALA9,2025-11-09T00:00:26.018458Z,0.51,39,no,8ae970be-382a-54ea-021c-6d4ff7d510c2
KXNCAAFSPREAD-25NOV08LSUALA-ALA9,2025-11-08T23:59:56.597411Z,0.52,93,yes,711a22a9-ed8d-78cc-7a6b-d43e22c6992c
KXNCAAFSPREAD-25NOV08LSUALA-ALA9,2025-11-08T23:59:31.965445Z,0.52,139,yes,c5da0acf-2381-4a84-32c3-844dd0121e20
KXNCAAFSPREAD-25NOV08LSUALA-ALA9,2025-11-08T23:59:29.281394Z,0.52,16,yes,e6f7cbe8-086d-4e0c-f11d-661cf1fdb1fc
KXNCAAFSPREAD-25NOV08LSUALA-ALA9,2025-11-08T23:59:08.478135Z,0.51,20,no,f194a939-fe02-622e-acf1-a741ce155212
KXNCAAFSPREAD-25NOV08LSUALA-ALA9,2025-11-08T23:59:06.120892Z,0.52,27,yes,f2f7c6e2-3745-56ac-a3be-23d020eaff7c
KXNCAAFSPREAD-25NOV08LSUALA-ALA9,2025-11-08T23:59:00.834764Z,0.52,223,yes,78571197-c059-4d28-0f91-cbf87645a844
KXNCAAFSPREAD-25NOV08LSUALA-ALA9,2025-11-08T23:58:43.064061Z,0.51,197,no,4097e6b5-2b76-5ba2-f4a3-c82ea00a0b4a
KXNCAAFSPREAD-25NOV08LSUALA-ALA9,2025-11-08T23:58:40.2353Z,0.51,25,no,be8f53d4-797a-41e6-31a8-05a4f8bb5cfe
KXNCAAFSPREAD-25NOV08LSUALA-ALA9,2025-11-08T23:58:29.81213Z,0.51,394,no,3f146f18-748e-7f2a-90a3-55c39cc44022
KXNCAAFSPREAD-25NOV08LSUALA-ALA9,2025-11-08T23:57:41.51352Z,0.53,365,yes,2b37a435-0c3d-4965-208b-ef1ef9cab8a9
KXNCAAFSPREAD-25NOV08LSUALA-ALA9,2025-11-08T23:56:31.004549Z,0.51,1016,no,7c9a168b-2ce0-6c45-328a-773522922f35
KXNCAAFSPREAD-25NOV08LSUALA-ALA9,2025-11-08T23:56:30.903038Z,0.53,9,yes,e369ea0e-d6ab-5a46-530d-31392769200d
KXNCAAFSPREAD-25NOV08LSUALA-ALA9,2025-11-08T23:56:30.903038Z,0.53,5,yes,9e99e306-36c0-5978-550c-bc747ecdb8d7
KXNCAAFSPREAD-25NOV08LSUALA-ALA9,2025-11-08T23:56:30.903038Z,0.53,9067,yes,989d39f9-de91-55a1-447e-e4ebc8d7acc5
KXNCAAFSPREAD-25NOV08LSUALA-ALA9,2025-11-08T23:56:30.903038Z,0.53,4655,yes,603f9419-3199-596c-770d-d865a3bcc25d
KXNCAAFSPREAD-25NOV08LSUALA-ALA9,2025-11-08T23:56:30.903038Z,0.53,4530,yes,48c18a34-22d5-50a9-49aa-0c2bbc9c4c95
KXNCAAFSPREAD-25NOV08LSUALA-ALA9,2025-11-08T23:55:33.892027Z,0.53,18,yes,7e65054f-8ae1-63b1-cbb1-07e7a92cf981
KXNCAAFSPREAD-25NOV08LSUALA-ALA9,2025-11-08T23:53:50.46775Z,0.53,91,yes,e4a20612-2cc9-631d-9c9f-e80a34ab6895
KXNCAAFSPREAD-25NOV08LSUALA-ALA9,2025-11-08T23:52:41.888149Z,0.53,210,yes,8d3f8e11-91f9-6ddd-af96-b489d235d5ed
KXNCAAFSPREAD-25NOV08LSUALA-ALA9,2025-11-08T23:52:24.322404Z,0.53,45,yes,3b84532d-9fb5-4971-d1a3-50e31710c895
KXNCAAFSPREAD-25NOV08LSUALA-ALA9,2025-11-08T23:51:27.872572Z,0.53,91,yes,b90a369f-b279-7eb9-38f5-9bc1f3efcb71
KXNCAAFSPREAD-25NOV08LSUALA-ALA9,2025-11-08T23:49:52.842062Z,0.51,25,no,3ce6a9f8-3188-7cbd-f151-13cb610c4815
KXNCAAFSPREAD-25NOV08LSUALA-ALA9,2025-11-08T23:49:13.427672Z,0.51,10,no,891949b5-57fc-6f2c-0a5e-1d1f62830690
KXNCAAFSPREAD-25NOV08LSUALA-ALA9,2025-11-08T23:49:13.427672Z,0.51,88,no,3d79ace1-04a0-6501-111c-19fdb3d0bff9
KXNCAAFSPREAD-25NOV08LSUALA-ALA9,2025-11-08T23:48:08.253613Z,0.52,25,no,4e8b148b-72a4-6d5b-28ea-083bfdecbb57
KXNCAAFSPREAD-25NOV08LSUALA-ALA9,2025-11-08T23:48:08.253613Z,0.52,25,no,11b3bded-8b85-6000-29ba-78d1865cca2a
KXNCAAFSPREAD-25NOV08LSUALA-ALA9,2025-11-08T23:46:45.080949Z,0.53,182,yes,8b62a4c1-dd89-7e15-7a94-a070a09c6a55
KXNCAAFSPREAD-25NOV08LSUALA-ALA9,2025-11-08T23:45:33.420778Z,0.53,45,yes,459861b4-bd9d-6b05-012d-a9b4219baa19
KXNCAAFSPREAD-25NOV08LSUALA-ALA9,2025-11-08T23:44:10.249335Z,0.53,913,yes,c076d063-e9c1-5ae1-230c-9221a0a883d9
KXNCAAFSPREAD-25NOV08LSUALA-ALA9,2025-11-08T23:42:10.707287Z,0.53,169,yes,d04fa8c8-264d-5e41-7b97-dc7fc705dfbd
KXNCAAFSPREAD-25NOV08LSUALA-ALA9,2025-11-08T23:41:36.51401Z,0.53,61,yes,5e7bb26e-d829-5bf9-a3b2-afef5e880c8d
KXNCAAFSPREAD-25NOV08LSUALA-ALA9,2025-11-08T23:40:42.230473Z,0.53,22,yes,d54fbf4f-b88d-6b99-2b57-3dad12aa3869
KXNCAAFSPREAD-25NOV08LSUALA-ALA9,2025-11-08T23:38:45.758484Z,0.53,54,yes,6c722cb7-158d-69d9-d559-a5498a07f855
KXNCAAFSPREAD-25NOV08LSUALA-ALA9,2025-11-08T23:38:39.939553Z,0.53,222,yes,3268c93d-1859-65a5-6e0e-f6b32922af01
KXNCAAFSPREAD-25NOV08LSUALA-ALA9,2025-11-08T23:38:35.205927Z,0.53,182,yes,962f6e6f-85ad-75b5-25ee-6c470b21587d
KXNCAAFSPREAD-25NOV08LSUALA-ALA9,2025-11-08T23:33:14.296819Z,0.53,36,yes,9b1babef-fcbd-6a2d-78c5-31dd8f140aed
KXNCAAFSPREAD-25NOV08LSUALA-ALA9,2025-11-08T23:32:07.776372Z,0.53,182,yes,8e369954-661e-6d3f-d63c-67e16f20bc2e
KXNCAAFSPREAD-25NOV08LSUALA-ALA9,2025-11-08T23:30:32.947515Z,0.53,555,yes,fc4f8f65-9533-63f8-b693-eb51a068b04b
KXNCAAFSPREAD-25NOV08LSUALA-ALA9,2025-11-08T23:29:40.028983Z,0.53,32,yes,1e2310e0-474a-6c65-9b60-1d129f494b6a
KXNCAAFSPREAD-25NOV08LSUALA-ALA9,2025-11-08T23:29:38.272958Z,0.53,63,yes,f699b2f5-5d6a-6789-e2ec-d9316c3c379e
KXNCAAFSPREAD-25NOV08LSUALA-ALA9,2025-11-08T23:29:09.614444Z,0.52,20,no,464566ed-9338-69bc-6b2f-cce3b3ee0457
KXNCAAFSPREAD-25NOV08LSUALA-ALA9,2025-11-08T23:27:27.280725Z,0.53,182,yes,ade70300-2d3e-7831-945e-9e9b8d3f2251
KXNCAAFSPREAD-25NOV08LSUALA-ALA9,2025-11-08T23:25:47.443163Z,0.53,18,yes,87244169-4d02-7b39-619d-81e89fa4c2ad
KXNCAAFSPREAD-25NOV08LSUALA-ALA9,2025-11-08T23:25:47.443163Z,0.53,256,yes,7d80cc0f-7b34-7ae0-5ff0-701efc6dc804
KXNCAAFSPREAD-25NOV08LSUALA-ALA9,2025-11-08T23:23:47.865623Z,0.53,137,yes,47ba4fc5-87f4-4e84-aa82-8cf7234677bc
KXNCAAFSPREAD-25NOV08LSUALA-ALA9,2025-11-08T23:20:10.103318Z,0.53,280,yes,4e8d9c11-ac44-75e0-16c0-380313f4362c
KXNCAAFSPREAD-25NOV08LSUALA-ALA9,2025-11-08T23:13:21.763214Z,0.53,179,yes,d564fecc-bb98-5948-9dc2-95f75b7930d0
KXNCAAFSPREAD-25NOV08LSUALA-ALA9,2025-11-08T23:12:27.438559Z,0.52,50,no,51d2ac16-115d-74aa-20ee-ec18b744e32d
KXNCAAFSPREAD-25NOV08LSUALA-ALA9,2025-11-08T23:05:03.821901Z,0.53,182,yes,d0401e66-2708-4fc4-dc51-6f3012a698fc
KXNCAAFSPREAD-25NOV08LSUALA-ALA9,2025-11-08T23:00:01.007747Z,0.52,100,no,931928ef-326d-7c6a-1de4-0fb804f20611
KXNCAAFSPREAD-25NOV08LSUALA-ALA9,2025-11-08T22:55:09.920848Z,0.53,60,yes,39eccdc3-7128-4ed4-4428-0a65048256f8
KXNCAAFSPREAD-25NOV08LSUALA-ALA9,2025-11-08T22:54:37.246568Z,0.53,27,yes,25ea2408-3ba4-5eb4-7237-46a8aca10d08
KXNCAAFSPREAD-25NOV08LSUALA-ALA9,2025-11-08T22:54:09.580312Z,0.53,27,yes,276e7b2c-560c-6dd8-de0c-917977ea19bc
KXNCAAFSPREAD-25NOV08LSUALA-ALA9,2025-11-08T22:52:36.181717Z,0.52,40,no,76dd06eb-bf1d-63ad-fe0d-bdd11564dcde
KXNCAAFSPREAD-25NOV08LSUALA-ALA9,2025-11-08T22:50:57.071022Z,0.53,91,yes,0c6697ff-da04-6408-62ba-81f1462e1e94
KXNCAAFSPREAD-25NOV08LSUALA-ALA9,2025-11-08T22:49:08.208185Z,0.53,217,yes,05a39320-17b8-7a98-5e4b-750f9b731100
KXNCAAFSPREAD-25NOV08LSUALA-ALA9,2025-11-08T22:44:10.378081Z,0.53,18,yes,41b17d8c-891c-7178-8efb-235a1d07fd80
KXNCAAFSPREAD-25NOV08LSUALA-ALA9,2025-11-08T22:43:40.844264Z,0.52,6,no,39343544-98e9-74ad-bb25-3e5f76a6f9e6
KXNCAAFSPREAD-25NOV08LSUALA-ALA9,2025-11-08T22:39:37.557489Z,0.52,20,no,4d303ef5-53c9-46c1-5da6-d03391b6d9f2
KXNCAAFSPREAD-25NOV08LSUALA-ALA9,2025-11-08T22:38:45.115718Z,0.53,221,yes,6b842a7a-0bdc-46c4-ccd7-94c2d5c0e2fc
KXNCAAFSPREAD-25NOV08LSUALA-ALA9,2025-11-08T22:37:12.790871Z,0.54,45,no,87400b31-d52d-5bdd-13d8-2aec483ef322
KXNCAAFSPREAD-25NOV08LSUALA-ALA9,2025-11-08T22:32:47.04314Z,0.55,88,yes,396963a9-7726-4b1f-ba66-01e75a996006
KXNCAAFSPREAD-25NOV08LSUALA-ALA9,2025-11-08T22:30:53.213724Z,0.55,1233,yes,c56d264f-3eea-5e47-935d-ed14f969fd6a
KXNCAAFSPREAD-25NOV08LSUALA-ALA9,2025-11-08T22:30:36.935617Z,0.55,88,yes,e74aa6cd-fa1e-5c3b-8437-7947c6415ec2
KXNCAAFSPREAD-25NOV08LSUALA-ALA9,2025-11-08T22:26:36.930154Z,0.54,4,no,141225dc-ea7d-673d-2a57-13552662456e
KXNCAAFSPREAD-25NOV08LSUALA-ALA9,2025-11-08T22:24:59.622707Z,0.55,50,yes,312d4f6a-0f9a-735f-a088-815d66df80aa
KXNCAAFSPREAD-25NOV08LSUALA-ALA9,2025-11-08T22:20:26.224896Z,0.55,88,yes,4fd87e13-3232-6897-a794-5b0bcc8f8fce
KXNCAAFSPREAD-25NOV08LSUALA-ALA9,2025-11-08T22:18:08.65434Z,0.55,528,yes,7ec9dfb3-5faa-68a7-adaa-14371febf4d6
KXNCAAFSPREAD-25NOV08LSUALA-ALA9,2025-11-08T22:08:25.149479Z,0.55,94,yes,168a3f4e-f392-6287-2a8d-7020f4510346
KXNCAAFSPREAD-25NOV08LSUALA-ALA9,2025-11-08T21:55:21.646036Z,0.55,17,yes,5488efe9-c73a-430b-f324-5d7102771932
KXNCAAFSPREAD-25NOV08LSUALA-ALA9,2025-11-08T21:52:56.61448Z,0.55,17,yes,64a417d7-b5e2-7947-1d96-2e65b926f62a
KXNCAAFSPREAD-25NOV08LSUALA-ALA9,2025-11-08T21:50:39.54754Z,0.55,57,yes,d921b2b4-6432-787b-99ac-fb90a5bdb80a
KXNCAAFSPREAD-25NOV08LSUALA-ALA9,2025-11-08T21:37:30.05954Z,0.55,10,yes,81f97de4-1176-48e9-f2d2-2d614f69a4c3
KXNCAAFSPREAD-25NOV08LSUALA-ALA9,2025-11-08T21:37:30.05954Z,0.55,4,yes,265387b1-d092-411b-fba7-c817ecc4ac56
KXNCAAFSPREAD-25NOV08LSUALA-ALA9,2025-11-08T21:35:02.386585Z,0.54,41,no,f45b2e61-9031-7909-7135-b13ce70fdaf2
KXNCAAFSPREAD-25NOV08LSUALA-ALA9,2025-11-08T21:31:14.532085Z,0.55,440,yes,9971a324-8031-6c14-7294-cf507a18e0dd
KXNCAAFSPREAD-25NOV08LSUALA-ALA9,2025-11-08T21:24:33.691432Z,0.55,18,yes,8785994a-9c41-4820-fee5-55c45f70a065
KXNCAAFSPREAD-25NOV08LSUALA-ALA9,2025-11-08T21:24:15.309034Z,0.55,100,yes,32f6c6f9-6a15-745c-c45a-8c4dfe6b6ae5
KXNCAAFSPREAD-25NOV08LSUALA-ALA9,2025-11-08T21:16:08.895713Z,0.55,17,yes,33deb618-c183-603d-d9ee-71a10e3c5807
KXNCAAFSPREAD-25NOV08LSUALA-ALA9,2025-11-08T21:10:55.562713Z,0.55,54,yes,102d0029-fdaf-570d-304f-cdf00d0088e3
KXNCAAFSPREAD-25NOV08LSUALA-ALA9,2025-11-08T21:05:53.849632Z,0.55,22,yes,1547f77e-f7d7-5481-2c54-aad2c8dfe41f
KXNCAAFSPREAD-25NOV08LSUALA-ALA9,2025-11-08T21:04:26.174699Z,0.55,8,yes,6f76022f-44bb-7339-c5de-d64bfa3753b3
KXNCAAFSPREAD-25NOV08LSUALA-ALA9,2025-11-08T21:01:22.445816Z,0.55,17,yes,5ec95115-bcc3-745d-9f34-dca5863051e3
KXNCAAFSPREAD-25NOV08LSUALA-ALA9,2025-11-08T20:56:44.623345Z,0.55,17,yes,ad5b7ade-bbd3-5449-b74f-f50b2b630f33
KXNCAAFSPREAD-25NOV08LSUALA-ALA9,2025-11-08T20:56:24.960311Z,0.55,10,yes,f6654541-4a77-4bd9-8581-5d0dba296285
KXNCAAFSPREAD-25NOV08LSUALA-ALA9,2025-11-08T20:50:44.2034Z,0.55,8,yes,768cc2ca-95d3-7e75-66ba-76813228173d
KXNCAAFSPREAD-25NOV08LSUALA-ALA9,2025-11-08T20:49:18.104885Z,0.55,12,yes,119a82d9-334f-551d-f04f-abc463295689
KXNCAAFSPREAD-25NOV08LSUALA-ALA9,2025-11-08T20:43:57.153431Z,0.54,439,yes,bbfb6507-afbb-51a9-23ce-53461d83da45
KXNCAAFSPREAD-25NOV08LSUALA-ALA9,2025-11-08T20:36:53.008743Z,0.54,8,yes,e9fe673c-c597-7c21-16bf-f1328c456779
KXNCAAFSPREAD-25NOV08LSUALA-ALA9,2025-11-08T20:25:55.368502Z,0.54,479,yes,b112879b-a343-7cd9-e97e-c6374772b9c5
KXNCAAFSPREAD-25NOV08LSUALA-ALA9,2025-11-08T20:25:55.368502Z,0.53,25,yes,4a0214b7-6f89-7930-fdc4-da80405c11e7
KXNCAAFSPREAD-25NOV08LSUALA-ALA9,2025-11-08T20:01:45.593585Z,0.55,20,yes,e2aa4ef4-d151-4f33-0913-20bc802c8a8b
KXNCAAFSPREAD-25NOV08LSUALA-ALA9,2025-11-08T19:39:33.532472Z,0.53,5,no,b2f06853-bd27-7d54-e062-5a4ff9b57639
KXNCAAFSPREAD-25NOV08LSUALA-ALA9,2025-11-08T19:39:33.532472Z,0.53,100,no,879399a5-4d59-7bef-f17e-88f5167a12dd
KXNCAAFSPREAD-25NOV08LSUALA-ALA9,2025-11-08T19:39:33.532472Z,0.53,2,no,7dbf8eab-c65d-7ab8-ebbb-d4e11d15d5f0
KXNCAAFSPREAD-25NOV08LSUALA-ALA9,2025-11-08T19:23:10.817192Z,0.55,88,yes,5bcd8596-0352-675e-28ef-3a1343f0c9f3
KXNCAAFSPREAD-25NOV08LSUALA-ALA9,2025-11-08T19:14:46.397298Z,0.55,1,yes,ceb3e197-d39a-7c22-5816-7d2a675d0b37
KXNCAAFSPREAD-25NOV08LSUALA-ALA9,2025-11-08T19:04:01.23763Z,0.53,20,no,f556e84d-f11b-4ff8-9675-2198470202d1
KXNCAAFSPREAD-25NOV08LSUALA-ALA9,2025-11-08T19:03:01.624535Z,0.55,88,yes,32506758-b21e-67bd-5467-1a2d3eb8799d
KXNCAAFSPREAD-25NOV08LSUALA-ALA9,2025-11-08T18:49:47.15458Z,0.55,176,yes,e437b5a8-0052-5e71-90ce-2fe3b35d33a5
KXNCAAFSPREAD-25NOV08LSUALA-ALA9,2025-11-08T18:49:31.501292Z,0.55,17,yes,06bc5b7f-d072-72ad-95f6-80de8d62b355
KXNCAAFSPREAD-25NOV08LSUALA-ALA9,2025-11-08T18:32:44.817763Z,0.54,25,yes,a7a6f006-8e57-587d-9b3c-e6ad38a4b8b8
KXNCAAFSPREAD-25NOV08LSUALA-ALA9,2025-11-08T18:32:44.817763Z,0.55,19,yes,4c669e7f-7c6e-5e97-9775-0f1bfa4436e1
KXNCAAFSPREAD-25NOV08LSUALA-ALA9,2025-11-08T18:31:44.722098Z,0.52,2,no,3697d30f-4641-6c12-7f9d-5c2d784eafa2
KXNCAAFSPREAD-25NOV08LSUALA-ALA9,2025-11-08T18:07:16.614759Z,0.53,51,no,ea4a5d9a-d393-6101-cc7f-d34acf8c8d75
KXNCAAFSPREAD-25NOV08LSUALA-ALA9,2025-11-08T18:07:16.614759Z,0.53,25,no,33aec793-ebf3-61f3-e507-306c89174826
KXNCAAFSPREAD-25NOV08LSUALA-ALA9,2025-11-08T17:48:30.955811Z,0.55,88,yes,7dd7df96-0152-4d5f-2758-13ea78ff1af9
KXNCAAFSPREAD-25NOV08LSUALA-ALA9,2025-11-08T17:22:22.264961Z,0.55,5,yes,b343cf4e-da2a-563b-7d3e-b011c5be203d
KXNCAAFSPREAD-25NOV08LSUALA-ALA9,2025-11-08T17:21:36.396106Z,0.53,10,no,0a86c999-c71e-7873-ed68-f4086bb9080e
KXNCAAFSPREAD-25NOV08LSUALA-ALA9,2025-11-08T16:58:38.90719Z,0.55,176,yes,4ab44875-76ee-5a57-5bae-26e38d4f6f79
KXNCAAFSPREAD-25NOV08LSUALA-ALA9,2025-11-08T16:57:46.900386Z,0.55,8,yes,0deb44eb-fb02-5667-7030-aaf54d178121
KXNCAAFSPREAD-25NOV08LSUALA-ALA9,2025-11-08T16:55:41.80426Z,0.53,32,no,7f9c2986-6a36-4173-7bfb-9e1c141ba38a
KXNCAAFSPREAD-25NOV08LSUALA-ALA9,2025-11-08T16:55:41.80426Z,0.53,70,no,1d5bfe26-11b7-423a-7a78-494a625f2b0d
KXNCAAFSPREAD-25NOV08LSUALA-ALA9,2025-11-08T16:51:40.896019Z,0.53,20,no,dae21f5a-6bb7-4962-c47f-33f287941929
KXNCAAFSPREAD-25NOV08LSUALA-ALA9,2025-11-08T16:47:41.830903Z,0.55,35,yes,6248bc6b-4512-5f93-0836-a1309d1820e5
KXNCAAFSPREAD-25NOV08LSUALA-ALA9,2025-11-08T16:38:20.277673Z,0.55,176,yes,b0572650-71ae-5b07-5a54-012d87a125a9
KXNCAAFSPREAD-25NOV08LSUALA-ALA9,2025-11-08T16:38:01.119179Z,0.55,17,yes,1b197dee-e36a-71c7-c837-62e3084f2b55
KXNCAAFSPREAD-25NOV08LSUALA-ALA9,2025-11-08T16:36:10.176441Z,0.55,17,yes,88da69ee-1036-738b-7d7f-4cb565cac991
KXNCAAFSPREAD-25NOV08LSUALA-ALA9,2025-11-08T16:30:42.678912Z,0.53,10,no,e342f00e-a873-5596-724c-81e5b3c8ecfd
KXNCAAFSPREAD-25NOV08LSUALA-ALA9,2025-11-08T16:25:07.86878Z,0.55,35,yes,609846f2-e96a-7c27-181b-5cc1687a4191
KXNCAAFSPREAD-25NOV08LSUALA-ALA9,2025-11-08T16:21:17.169698Z,0.55,5,yes,057ea703-3d1a-643b-30f1-13f84fab4161
KXNCAAFSPREAD-25NOV08LSUALA-ALA9,2025-11-08T16:14:27.720982Z,0.55,17,yes,f9a7f02c-3b52-7153-d74c-e79d02b71209
KXNCAAFSPREAD-25NOV08LSUALA-ALA9,2025-11-08T15:55:35.755416Z,0.55,176,yes,06b84284-3512-7c1f-228f-c51ac1ff7865
KXNCAAFSPREAD-25NOV08LSUALA-ALA9,2025-11-08T15:38:03.609956Z,0.55,12,yes,d5ac6d29-26ae-7bfb-5c58-d3ab752847a9
KXNCAAFSPREAD-25NOV08LSUALA-ALA9,2025-11-08T15:24:29.71207Z,0.55,17,yes,0a6a61ac-f1ee-461b-d928-ca1f2593adf9
KXNCAAFSPREAD-25NOV08LSUALA-ALA9,2025-11-08T15:07:43.364804Z,0.56,17,yes,a2c9a727-48a7-49dd-8457-27cd31ae0a15
KXNCAAFSPREAD-25NOV08LSUALA-ALA9,2025-11-08T14:52:37.107754Z,0.56,1732,yes,34fd22af-f783-66ed-d632-5d6ded674d21
KXNCAAFSPREAD-25NOV08LSUALA-ALA9,2025-11-08T14:51:28.018576Z,0.56,946,yes,d623c4ab-3909-7e9a-57ef-fce425802ae2
KXNCAAFSPREAD-25NOV08LSUALA-ALA9,2025-11-08T14:51:28.018576Z,0.55,3500,yes,91b459ee-414d-7f21-45c9-2018f61ace6b
KXNCAAFSPREAD-25NOV08LSUALA-ALA9,2025-11-08T14:51:28.018576Z,0.56,3219,yes,52b3ad49-32a7-7bd9-7906-68498dc83105
KXNCAAFSPREAD-25NOV08LSUALA-ALA9,2025-11-08T14:04:22.107836Z,0.55,8,yes,5e17fdfc-21f9-54f3-8438-8c1a23a25d07
KXNCAAFSPREAD-25NOV08LSUALA-ALA9,2025-11-08T13:35:57.630307Z,0.56,76,yes,9b2609b4-ac25-4a7a-0f58-d0779b01275a
KXNCAAFSPREAD-25NOV08LSUALA-ALA9,2025-11-08T09:37:26.61016Z,0.56,8,yes,d4544647-d3a1-71b2-6433-e5b33b6bd1c6
KXNCAAFSPREAD-25NOV08LSUALA-ALA9,2025-11-08T09:10:46.788782Z,0.56,9,yes,8542adc5-6cb1-64ba-a060-a4a557d0be76
KXNCAAFSPREAD-25NOV08LSUALA-ALA9,2025-11-08T08:55:53.466775Z,0.56,278,yes,f73c96cf-faa9-6f2e-92a6-0ec9363174a6
KXNCAAFSPREAD-25NOV08LSUALA-ALA9,2025-11-08T07:25:56.122043Z,0.53,20,no,4774842b-d99c-4694-9cef-69aa476bc337
KXNCAAFSPREAD-25NOV08LSUALA-ALA9,2025-11-08T07:16:03.783066Z,0.57,17,yes,9fbc8140-f437-5b24-891b-99e5585f7b29
KXNCAAFSPREAD-25NOV08LSUALA-ALA9,2025-11-08T06:55:57.442499Z,0.57,4,yes,353561be-f877-40d8-502e-c3305c1b1c49
KXNCAAFSPREAD-25NOV08LSUALA-ALA9,2025-11-08T06:04:02.9569Z,0.58,16,yes,ae47cccf-887b-59a7-ca67-461aaf013b4e
KXNCAAFSPREAD-25NOV08LSUALA-ALA9,2025-11-08T05:13:48.08625Z,0.52,50,no,e8882536-d771-4831-b405-f05d82a37bcc
KXNCAAFSPREAD-25NOV08LSUALA-ALA9,2025-11-08T05:13:48.08625Z,0.55,20,no,dc14eeb6-fa0d-440a-9dab-c84edfb10f53
KXNCAAFSPREAD-25NOV08LSUALA-ALA9,2025-11-08T05:13:48.08625Z,0.52,132,no,ad38d43d-33f7-4dca-be66-ca8ff2f78074
KXNCAAFSPREAD-25NOV08LSUALA-ALA9,2025-11-08T05:01:08.394352Z,0.58,40,yes,dd2317ca-30bf-6427-4d1f-f09457c671ae
KXNCAAFSPREAD-25NOV08LSUALA-ALA9,2025-11-08T04:32:51.056742Z,0.58,4,yes,711a30c3-cc9b-4cb7-96dd-24962d36f96e
KXNCAAFSPREAD-25NOV08LSUALA-ALA9,2025-11-08T04:32:02.868879Z,0.58,33,yes,a0947957-07df-5f9b-3483-6c67bf334a36
KXNCAAFSPREAD-25NOV08LSUALA-ALA9,2025-11-08T04:08:00.103189Z,0.58,16,yes,035d7a8f-d017-5e1b-af9f-1915fb8e6a02
KXNCAAFSPREAD-25NOV08LSUALA-ALA9,2025-11-08T04:07:43.920758Z,0.58,2,yes,c1f6c300-6253-76bb-e359-15ad301f7362
KXNCAAFSPREAD-25NOV08LSUALA-ALA9,2025-11-08T04:04:45.516127Z,0.58,11,yes,be740672-1b57-797f-84ce-369ab04e50ba
KXNCAAFSPREAD-25NOV08LSUALA-ALA9,2025-11-08T04:04:45.516127Z,0.58,1,yes,a70d090b-8b1a-7e0f-8efc-264f4a6753e8
KXNCAAFSPREAD-25NOV08LSUALA-ALA9,2025-11-08T04:04:45.516127Z,0.58,8,yes,816b110b-982f-7a97-a76c-e8ed30339724
KXNCAAFSPREAD-25NOV08LSUALA-ALA9,2025-11-08T04:04:45.516127Z,0.58,1,yes,7c91302b-38a8-7072-bec2-f50288d1af94
KXNCAAFSPREAD-25NOV08LSUALA-ALA9,2025-11-08T04:04:45.516127Z,0.58,3,yes,54062035-3b33-71af-a0d4-a3df956c9281
KXNCAAFSPREAD-25NOV08LSUALA-ALA9,2025-11-08T04:04:45.516127Z,0.58,1,yes,4bea3fe4-c6c1-7a75-8f65-2c0f529b8a73
KXNCAAFSPREAD-25NOV08LSUALA-ALA9,2025-11-08T03:52:51.659058Z,0.58,1,yes,d3f13abc-0a4f-7bcb-df2f-9278b34830d0
KXNCAAFSPREAD-25NOV08LSUALA-ALA9,2025-11-08T03:41:36.244266Z,0.58,8,yes,0e5c3827-236f-648f-accc-4ad4d5bca0c8
KXNCAAFSPREAD-25NOV08LSUALA-ALA9,2025-11-08T03:28:29.400568Z,0.57,17,yes,933c40f7-1414-4966-04e8-26ede7e64193
KXNCAAFSPREAD-25NOV08LSUALA-ALA9,2025-11-08T03:06:26.36178Z,0.57,127,yes,2ac74f16-1e08-5716-b6fa-6fd060f53077
KXNCAAFSPREAD-25NOV08LSUALA-ALA9,2025-11-08T02:43:17.879217Z,0.57,17,yes,e720673d-0458-43ea-7e34-0f2f184ed047
KXNCAAFSPREAD-25NOV08LSUALA-ALA9,2025-11-08T01:15:37.014612Z,0.53,51,no,3028e38e-2107-6bb5-12a5-ba4cd2c58aac
KXNCAAFSPREAD-25NOV08LSUALA-ALA9,2025-11-08T00:53:44.731692Z,0.58,8,yes,677f292d-2bff-62f7-8611-f571d1e219e4
KXNCAAFSPREAD-25NOV08LSUALA-ALA9,2025-11-08T00:38:55.475889Z,0.58,16,yes,a59be8d9-be1f-6bbf-cc3b-e0c50364bfc4
KXNCAAFSPREAD-25NOV08LSUALA-ALA9,2025-11-08T00:20:09.517958Z,0.52,40,no,e12f0416-dc79-6249-f221-78ab75a4ddfc
KXNCAAFSPREAD-25NOV08LSUALA-ALA9,2025-11-07T21:57:32.30845Z,0.57,42,yes,65faebeb-0857-5c01-c380-7e591d2d0a8b
KXNCAAFSPREAD-25NOV08LSUALA-ALA9,2025-11-07T21:07:28.299152Z,0.57,34,yes,e329125b-0cbb-64a9-3f9e-7f9ff5fe376f
KXNCAAFSPREAD-25NOV08LSUALA-ALA9,2025-11-07T20:47:31.890603Z,0.58,8,yes,b4093d0c-ef27-4d0b-a5ab-372d27aa4744
KXNCAAFSPREAD-25NOV08LSUALA-ALA9,2025-11-07T20:42:27.317544Z,0.58,25,yes,3997b8f3-a25b-4ddf-dc02-ac87753063b8
