ticker,created_time,price,count,taker_side,trade_id
KXNCAAFSPREAD-25NOV08KUARIZ-ARIZ3,2025-11-09T00:05:50.806506Z,0.99,34,no,8aa956cd-732f-5b44-0745-444da4b7e77c
KXNCAAFSPREAD-25NOV08KUARIZ-ARIZ3,2025-11-09T00:04:27.1399Z,0.98,200,yes,e58830c1-3e8e-5244-5177-3e8a646d0030
KXNCAAFSPREAD-25NOV08KUARIZ-ARIZ3,2025-11-09T00:04:27.1399Z,0.99,19,yes,7d035139-6258-52e3-4549-ab96cb5bcef8
KXNCAAFSPREAD-25NOV08KUARIZ-ARIZ3,2025-11-09T00:04:27.1399Z,0.99,300,yes,656f3714-114a-5352-59dd-3d1d372dfd33
KXNCAAFSPREAD-25NOV08KUARIZ-ARIZ3,2025-11-09T00:03:19.819595Z,0.97,100,yes,616fc85a-8b3b-68f3-7ce4-d225cdce007d
KXNCAAFSPREAD-25NOV08KUARIZ-ARIZ3,2025-11-09T00:02:52.297906Z,0.94,100,yes,0426b7c7-0b3e-5c93-9df7-7ecead6b272a
KXNCAAFSPREAD-25NOV08KUARIZ-ARIZ3,2025-11-09T00:01:27.864965Z,0.93,100,yes,2c965f6b-ab1d-55ff-4da5-c8f0bca54fc7
KXNCAAFSPREAD-25NOV08KUARIZ-ARIZ3,2025-11-09T00:00:56.387632Z,0.92,10,yes,5ca8c003-76e3-7359-5c58-9da72eb2de28
KXNCAAFSPREAD-25NOV08KUARIZ-ARIZ3,2025-11-08T23:55:01.900977Z,0.79,20,no,6ed14772-831d-5406-f0a9-f1df9c39daaa
KXNCAAFSPREAD-25NOV08KUARIZ-ARIZ3,2025-11-08T23:55:00.977571Z,0.79,80,no,51d21eb6-1365-7226-484a-e926b07cdc56
KXNCAAFSPREAD-25NOV08KUARIZ-ARIZ3,2025-11-08T23:40:01.136056Z,0.07,25,no,572c887c-e284-577f-7ad7-d009004b27de
KXNCAAFSPREAD-25NOV08KUARIZ-ARIZ3,2025-11-08T22:38:32.331348Z,0.56,866,yes,56203590-640c-7027-101f-7f2e756d2dc1
KXNCAAFSPREAD-25NOV08KUARIZ-ARIZ3,2025-11-08T22:07:50.687064Z,0.37,25,yes,6ae9928c-afd7-68bf-6020-356add395d1a
KXNCAAFSPREAD-25NOV08KUARIZ-ARIZ3,2025-11-08T21:25:56.295816Z,0.23,25,no,954f8443-0f8f-4a92-b2fc-25562d61cee5
KXNCAAFSPREAD-25NOV08KUARIZ-ARIZ3,2025-11-08T21:18:02.392501Z,0.47,10,yes,faf8eb12-098b-68a3-736a-054608494156
KXNCAAFSPREAD-25NOV08KUARIZ-ARIZ3,2025-11-08T21:16:29.559143Z,0.43,3406,no,ea23d7fa-b5b7-508f-e5bf-44b044aad81b
KXNCAAFSPREAD-25NOV08KUARIZ-ARIZ3,2025-11-08T21:14:47.425336Z,0.49,1000,no,f82afeaf-f6e2-7f3f-e827-0ed287b1765f
KXNCAAFSPREAD-25NOV08KUARIZ-ARIZ3,2025-11-08T21:11:59.417408Z,0.56,10,no,537246a9-bc3a-4431-b3fd-8d3c7b82945b
KXNCAAFSPREAD-25NOV08KUARIZ-ARIZ3,2025-11-08T21:11:59.417408Z,0.55,22,no,37664522-426a-4ebf-9501-762c66d63dec
KXNCAAFSPREAD-25NOV08KUARIZ-ARIZ3,2025-11-08T20:41:12.808941Z,0.45,17,no,67be561c-a31a-7149-4634-92f05857d106
KXNCAAFSPREAD-25NOV08KUARIZ-ARIZ3,2025-11-08T20:30:21.488424Z,0.59,5890,yes,5ce28561-b13e-7e9f-4768-852648a01af1
KXNCAAFSPREAD-25NOV08KUARIZ-ARIZ3,2025-11-08T20:27:22.881589Z,0.58,7629,yes,1a438eb2-8354-7829-599a-b85f6189ddd8
KXNCAAFSPREAD-25NOV08KUARIZ-ARIZ3,2025-11-08T20:27:14.098302Z,0.58,50,yes,aa41a587-3b30-6cc5-54ef-0cd00c851694
KXNCAAFSPREAD-25NOV08KUARIZ-ARIZ3,2025-11-08T20:06:28.078555Z,0.58,17,yes,5d8ead13-be2c-5131-589b-e800bb3b44b0
KXNCAAFSPREAD-25NOV08KUARIZ-ARIZ3,2025-11-08T20:01:41.586497Z,0.55,119,no,f71cc93f-679b-6daf-60e5-3c09ac05cd5f
KXNCAAFSPREAD-25NOV08KUARIZ-ARIZ3,2025-11-08T20:01:41.586497Z,0.55,94,no,218480bf-117e-673a-7a0e-94ec70a805b2
KXNCAAFSPREAD-25NOV08KUARIZ-ARIZ3,2025-11-08T19:57:14.650325Z,0.58,41,yes,d6ccaacf-6a44-51a9-83b7-cc7408b907d8
KXNCAAFSPREAD-25NOV08KUARIZ-ARIZ3,2025-11-08T19:55:13.085645Z,0.55,88,no,e2434653-8c8a-5842-d3d7-e3dbb668e376
KXNCAAFSPREAD-25NOV08KUARIZ-ARIZ3,2025-11-08T19:53:53.157054Z,0.55,18,yes,d0ff3fcd-dd20-41e2-a1d6-64803a38be0d
KXNCAAFSPREAD-25NOV08KUARIZ-ARIZ3,2025-11-08T19:48:53.340213Z,0.55,26,yes,ec725525-7364-4c26-9d67-e9c65abe5c25
KXNCAAFSPREAD-25NOV08KUARIZ-ARIZ3,2025-11-08T19:48:42.625655Z,0.55,26,yes,9c2a899e-304c-7842-1de1-d2f3f2ab07f5
KXNCAAFSPREAD-25NOV08KUARIZ-ARIZ3,2025-11-08T19:37:47.578767Z,0.56,43,yes,1668dbbb-17ed-4ded-1eba-f0b68943511f
KXNCAAFSPREAD-25NOV08KUARIZ-ARIZ3,2025-11-08T19:36:34.154781Z,0.56,200,yes,72015be1-23c9-7819-8ac2-5b6153a2cc2b
KXNCAAFSPREAD-25NOV08KUARIZ-ARIZ3,2025-11-08T19:34:05.786925Z,0.56,34,yes,256bf8fc-a45d-40cd-8cd6-53cc7feea653
KXNCAAFSPREAD-25NOV08KUARIZ-ARIZ3,2025-11-08T19:27:50.611682Z,0.56,312,yes,95562e9f-9d15-7021-7007-af1999847a3f
KXNCAAFSPREAD-25NOV08KUARIZ-ARIZ3,2025-11-08T19:26:17.377975Z,0.56,34,yes,a9af7d6b-e6c5-55c9-4320-01e9d2cc3a2b
KXNCAAFSPREAD-25NOV08KUARIZ-ARIZ3,2025-11-08T19:20:54.413348Z,0.56,559,yes,d5c7d3d3-2475-700d-0898-28796f845787
KXNCAAFSPREAD-25NOV08KUARIZ-ARIZ3,2025-11-08T19:01:16.086223Z,0.56,86,yes,d1da58d8-1775-4acd-ace1-24bd47e5114b
KXNCAAFSPREAD-25NOV08KUARIZ-ARIZ3,2025-11-08T18:54:41.039959Z,0.56,10,yes,bab708f3-4919-7629-70c5-7293eab0a19b
KXNCAAFSPREAD-25NOV08KUARIZ-ARIZ3,2025-11-08T18:10:31.580929Z,0.56,17,yes,8d6c7c20-7469-45ad-6e6b-c6d78e823b4f
KXNCAAFSPREAD-25NOV08KUARIZ-ARIZ3,2025-11-08T17:23:14.472221Z,0.56,34,yes,0ece99c0-0891-7201-2859-caa38652f343
KXNCAAFSPREAD-25NOV08KUARIZ-ARIZ3,2025-11-08T17:23:03.635631Z,0.56,666,yes,9d5dbd33-fe05-69f5-0145-f9f4432c0deb
KXNCAAFSPREAD-25NOV08KUARIZ-ARIZ3,2025-11-08T17:12:01.325515Z,0.56,8,yes,097ad47e-b749-40ad-56f0-e1200a43320f
KXNCAAFSPREAD-25NOV08KUARIZ-ARIZ3,2025-11-08T17:11:03.777983Z,0.53,20,no,00c0fe16-7f14-56d1-2dde-928a6c217f36
KXNCAAFSPREAD-25NOV08KUARIZ-ARIZ3,2025-11-08T17:05:48.75398Z,0.56,147,yes,155cc07a-d38d-460d-7af5-55e26d27e683
KXNCAAFSPREAD-25NOV08KUARIZ-ARIZ3,2025-11-08T17:04:14.684645Z,0.56,2,yes,d1518712-f6f5-702d-15bf-f9caaca47fe7
KXNCAAFSPREAD-25NOV08KUARIZ-ARIZ3,2025-11-08T16:55:25.81786Z,0.55,10,no,cc3551e9-e0e3-5766-e1d1-225d05bdad16
KXNCAAFSPREAD-25NOV08KUARIZ-ARIZ3,2025-11-08T16:55:25.81786Z,0.53,5,no,2ae98333-a2cc-53bd-d11a-47db766da67a
KXNCAAFSPREAD-25NOV08KUARIZ-ARIZ3,2025-11-08T16:51:18.114931Z,0.56,17,yes,370608b5-58ad-593d-5c0e-87e338145b17
KXNCAAFSPREAD-25NOV08KUARIZ-ARIZ3,2025-11-08T16:30:24.925346Z,0.56,3,yes,91746599-1719-443d-e773-1f0d196e7fc7
KXNCAAFSPREAD-25NOV08KUARIZ-ARIZ3,2025-11-08T16:25:54.437507Z,0.56,173,yes,38db1fcf-418d-4641-ff3b-31ded99c3fcb
KXNCAAFSPREAD-25NOV08KUARIZ-ARIZ3,2025-11-08T15:54:53.343825Z,0.56,25,yes,a429ba15-abf1-4475-9fe6-3c8cccea2b17
KXNCAAFSPREAD-25NOV08KUARIZ-ARIZ3,2025-11-08T15:04:14.391991Z,0.57,17,yes,79f16a73-da91-7631-7f4f-70f32a1ab8de
