ticker,created_time,price,count,taker_side,trade_id
KXNCAAMBTOTAL-25NOV08ALASJU-171,2025-11-08T19:03:01.119809Z,0.99,100,no,f733900e-1dd8-4f3f-7a84-c4b16b45c066
KXNCAAMBTOTAL-25NOV08ALASJU-171,2025-11-08T18:55:12.764181Z,0.99,37,no,42aa0c4f-332c-5e43-0453-f311da93d486
KXNCAAMBTOTAL-25NOV08ALASJU-171,2025-11-08T18:54:52.292045Z,0.99,40,no,e3892e7a-eda4-7efb-6990-eecfcec1698a
KXNCAAMBTOTAL-25NOV08ALASJU-171,2025-11-08T18:51:05.020092Z,0.99,186,yes,39e4bf47-d531-44ad-0742-539fb1b15622
KXNCAAMBTOTAL-25NOV08ALASJU-171,2025-11-08T18:51:00.407873Z,0.99,14,yes,b69f31d2-1fe9-79e5-e463-3e51987ed732
KXNCAAMBTOTAL-25NOV08ALASJU-171,2025-11-08T18:35:37.266802Z,0.8,4,no,fc34e8c0-1d86-5c68-a673-d1326bfc3fc1
KXNCAAMBTOTAL-25NOV08ALASJU-171,2025-11-08T18:30:52.788202Z,0.99,200,yes,e9791168-1914-4967-f188-e8a9f125da94
KXNCAAMBTOTAL-25NOV08ALASJU-171,2025-11-08T18:30:52.788202Z,0.99,300,yes,46fe5a18-08df-432a-ed48-450c1b928efb
KXNCAAMBTOTAL-25NOV08ALASJU-171,2025-11-08T17:54:52.555729Z,0.77,64,yes,5b8ed2ec-a5d0-42e9-e0da-389321116d1d
KXNCAAMBTOTAL-25NOV08ALASJU-171,2025-11-08T17:53:39.281084Z,0.77,11,no,22b72ee3-e881-7c56-b04b-0f5bcfda583e
KXNCAAMBTOTAL-25NOV08ALASJU-171,2025-11-08T17:25:58.828054Z,0.57,170,yes,cd83d09d-5b2d-4e3d-cee1-a2eb4d2b73a2
KXNCAAMBTOTAL-25NOV08ALASJU-171,2025-11-08T17:19:29.735914Z,0.55,213,no,5393d9dc-64d0-425b-d2ea-fd052cb4b23c
KXNCAAMBTOTAL-25NOV08ALASJU-171,2025-11-08T17:06:54.42892Z,0.51,81,yes,2a2633d4-ba07-7c15-3a6e-9ee2b096ae8f
KXNCAAMBTOTAL-25NOV08ALASJU-171,2025-11-08T17:03:04.240568Z,0.51,18,yes,75f15b2c-ac9f-78a5-7af5-e29f058913ff
KXNCAAMBTOTAL-25NOV08ALASJU-171,2025-11-08T16:57:36.114016Z,0.51,100,yes,eed37171-fa6f-5259-c19d-98930db2af43
KXNCAAMBTOTAL-25NOV08ALASJU-171,2025-11-08T16:55:31.781117Z,0.51,40,yes,07f34295-46d3-5229-94c8-0862dd67586f
KXNCAAMBTOTAL-25NOV08ALASJU-171,2025-11-08T16:55:22.995142Z,0.51,446,no,4ced1547-8037-720b-db29-0c444d6c2ae1
KXNCAAMBTOTAL-25NOV08ALASJU-171,2025-11-08T16:53:20.072774Z,0.53,208,yes,ef925126-b735-7091-27ad-cec9c8eb2cb8
KXNCAAMBTOTAL-25NOV08ALASJU-171,2025-11-08T16:53:20.072774Z,0.53,1042,yes,e88bf528-9dce-7b90-3825-231047b845af
KXNCAAMBTOTAL-25NOV08ALASJU-171,2025-11-08T16:49:30.97043Z,0.51,60,no,4c74527e-e3e3-64a3-70b0-ca2af167a501
KXNCAAMBTOTAL-25NOV08ALASJU-171,2025-11-08T16:48:31.590242Z,0.53,3200,yes,001a861f-3e99-7315-19f2-073a83e70540
KXNCAAMBTOTAL-25NOV08ALASJU-171,2025-11-08T16:44:37.788258Z,0.53,3,yes,0c9765c7-4309-63bd-44c7-4721fc0120d0
KXNCAAMBTOTAL-25NOV08ALASJU-171,2025-11-08T16:36:58.342906Z,0.51,39,no,43f5b92f-0133-425b-bd1d-dc46254ae8f9
KXNCAAMBTOTAL-25NOV08ALASJU-171,2025-11-08T16:36:26.033446Z,0.52,14,yes,e5cde711-f911-7e80-0f5c-8edc94706e5a
KXNCAAMBTOTAL-25NOV08ALASJU-171,2025-11-08T16:34:27.90897Z,0.51,455,no,e32fc90a-05fb-4793-03e0-34ffabccc9fd
KXNCAAMBTOTAL-25NOV08ALASJU-171,2025-11-08T16:34:27.90897Z,0.51,45,no,a2aee292-a78b-4d48-20c8-e0134f1480ed
KXNCAAMBTOTAL-25NOV08ALASJU-171,2025-11-08T16:33:57.283026Z,0.52,93,yes,d7bb3f47-7cf9-60b0-8bf4-f1a1ca8137a2
KXNCAAMBTOTAL-25NOV08ALASJU-171,2025-11-08T16:32:23.840652Z,0.52,4,yes,168ae7ac-0b19-4a94-af72-7581404de3ce
KXNCAAMBTOTAL-25NOV08ALASJU-171,2025-11-08T16:24:35.958017Z,0.52,47,yes,cf402637-c081-56cc-b0b5-6d952efcfaf2
KXNCAAMBTOTAL-25NOV08ALASJU-171,2025-11-08T16:17:45.824849Z,0.51,98,no,1a29edc9-ad7f-45d0-9b61-8243165e4bc9
KXNCAAMBTOTAL-25NOV08ALASJU-171,2025-11-08T16:17:22.768286Z,0.52,37,yes,ac3b19f5-407d-706c-6993-d51238d63642
KXNCAAMBTOTAL-25NOV08ALASJU-171,2025-11-08T16:14:05.039261Z,0.52,52,yes,13f89761-a28d-6808-29fb-e307331373da
KXNCAAMBTOTAL-25NOV08ALASJU-171,2025-11-08T16:10:14.830926Z,0.54,84,no,6fc3f209-d7bf-53b5-fc84-4efd99a37ea2
KXNCAAMBTOTAL-25NOV08ALASJU-171,2025-11-08T16:10:08.693466Z,0.54,100,no,1887474f-be5b-5dc5-31cf-526214f05d42
KXNCAAMBTOTAL-25NOV08ALASJU-171,2025-11-08T16:10:06.123428Z,0.54,100,no,e50a5955-ba7b-4b05-abc7-8dc0cefe5e36
KXNCAAMBTOTAL-25NOV08ALASJU-171,2025-11-08T16:10:02.597966Z,0.54,100,no,08b5583e-385f-7bb5-dde3-895e14b14192
KXNCAAMBTOTAL-25NOV08ALASJU-171,2025-11-08T16:10:00.201272Z,0.54,100,no,6f0c4652-3b77-7c21-7343-21e29c46e28e
KXNCAAMBTOTAL-25NOV08ALASJU-171,2025-11-08T16:09:57.387223Z,0.54,100,no,19f33d1d-887b-5b71-938e-7465e11e450a
KXNCAAMBTOTAL-25NOV08ALASJU-171,2025-11-08T16:09:55.364058Z,0.54,100,no,03f656ff-a227-7b05-3fc7-d49c36f204e2
KXNCAAMBTOTAL-25NOV08ALASJU-171,2025-11-08T16:09:53.625574Z,0.54,100,no,36d87e0a-9aaf-645d-38af-6b72cdf4f816
KXNCAAMBTOTAL-25NOV08ALASJU-171,2025-11-08T16:09:50.068902Z,0.54,100,no,a40f0ac9-097f-6505-9c03-9c3c23c62906
KXNCAAMBTOTAL-25NOV08ALASJU-171,2025-11-08T16:09:48.263833Z,0.54,100,no,5ef1b91c-a543-4e35-fabd-e85cd2935cd2
KXNCAAMBTOTAL-25NOV08ALASJU-171,2025-11-08T16:09:46.079218Z,0.54,100,no,725bcc58-d84f-76b5-dbb0-4824625af272
KXNCAAMBTOTAL-25NOV08ALASJU-171,2025-11-08T16:09:44.092976Z,0.54,100,no,37020f06-e39b-4f41-172e-0ce3db4530b6
KXNCAAMBTOTAL-25NOV08ALASJU-171,2025-11-08T16:09:40.823329Z,0.54,100,no,8b0fe971-154f-5f31-aed9-08da28a4077e
KXNCAAMBTOTAL-25NOV08ALASJU-171,2025-11-08T16:09:38.626333Z,0.54,100,no,538a3d34-9dbb-5cd9-9fbc-532266e65396
KXNCAAMBTOTAL-25NOV08ALASJU-171,2025-11-08T16:09:36.333296Z,0.54,100,no,a8afa3f1-6253-78d9-9e22-0279a613531a
KXNCAAMBTOTAL-25NOV08ALASJU-171,2025-11-08T16:09:33.834489Z,0.54,100,no,2e83a919-b75b-5c49-736b-3169d199cc3a
KXNCAAMBTOTAL-25NOV08ALASJU-171,2025-11-08T16:09:30.580318Z,0.54,100,no,90cf5f6d-083b-55b9-0f80-ce7de0bae89a
KXNCAAMBTOTAL-25NOV08ALASJU-171,2025-11-08T16:09:28.327941Z,0.54,100,no,83a5bf27-0177-59dd-4656-bc9f9ba01b76
KXNCAAMBTOTAL-25NOV08ALASJU-171,2025-11-08T16:09:26.32664Z,0.54,100,no,37f1b156-19c3-5de9-a9c6-44a70813e80a
KXNCAAMBTOTAL-25NOV08ALASJU-171,2025-11-08T16:09:23.074395Z,0.54,100,no,647c59e3-8137-438d-cd51-d559f44331aa
KXNCAAMBTOTAL-25NOV08ALASJU-171,2025-11-08T16:09:20.838568Z,0.54,100,no,b91ec003-ad63-46b1-387a-f03d3cc538aa
KXNCAAMBTOTAL-25NOV08ALASJU-171,2025-11-08T16:09:18.57867Z,0.54,100,no,cd604967-b22b-54cd-3432-85a6eeca2c66
KXNCAAMBTOTAL-25NOV08ALASJU-171,2025-11-08T16:09:16.322273Z,0.54,100,no,82072024-a633-5345-c5aa-0aaafe91c57a
KXNCAAMBTOTAL-25NOV08ALASJU-171,2025-11-08T16:09:13.078529Z,0.54,100,no,06b37f3f-2fc7-5f6d-b16a-61f690254252
KXNCAAMBTOTAL-25NOV08ALASJU-171,2025-11-08T16:09:10.826384Z,0.54,100,no,4ca77fb5-afd3-4cf9-d743-33a877b855b6
KXNCAAMBTOTAL-25NOV08ALASJU-171,2025-11-08T16:09:08.328439Z,0.54,100,no,6447099a-ae6f-6771-09b1-a3d538f14daa
KXNCAAMBTOTAL-25NOV08ALASJU-171,2025-11-08T16:09:06.331124Z,0.54,100,no,6b7c8e93-262b-4029-31af-704c19f77f22
KXNCAAMBTOTAL-25NOV08ALASJU-171,2025-11-08T16:09:06.015086Z,0.54,209,no,f5f41a66-474f-5135-638a-00fa87057806
KXNCAAMBTOTAL-25NOV08ALASJU-171,2025-11-08T16:09:02.325692Z,0.54,100,no,b287f093-c2c7-7759-7580-5fed84519aa6
KXNCAAMBTOTAL-25NOV08ALASJU-171,2025-11-08T16:09:00.232736Z,0.54,100,no,585cfd62-28df-7bf5-b921-2ce0afebf942
KXNCAAMBTOTAL-25NOV08ALASJU-171,2025-11-08T16:07:22.889781Z,0.54,1906,no,43fec516-b13b-4c99-e48d-57c1dfd5ee3e
KXNCAAMBTOTAL-25NOV08ALASJU-171,2025-11-08T16:04:00.865861Z,0.54,209,no,bc810e73-78db-50a1-fccc-5b854777c54a
KXNCAAMBTOTAL-25NOV08ALASJU-171,2025-11-08T16:01:48.866476Z,0.54,6,yes,93f446ad-196c-7f4f-2ef2-89ce956b520d
KXNCAAMBTOTAL-25NOV08ALASJU-171,2025-11-08T15:50:57.883936Z,0.6,32,yes,9157f3e2-5d0f-5a22-6171-fe4d5860fd82
KXNCAAMBTOTAL-25NOV08ALASJU-171,2025-11-08T15:46:54.745624Z,0.56,157,yes,4aa9c231-a09b-7a9a-1b52-c7b64874c4c8
KXNCAAMBTOTAL-25NOV08ALASJU-171,2025-11-08T15:37:44.232428Z,0.54,629,yes,04c3a294-4177-7dab-35f1-31f7a7e2f836
KXNCAAMBTOTAL-25NOV08ALASJU-171,2025-11-08T15:07:40.089296Z,0.54,11,yes,8fcf70f4-3117-66ff-7e03-79e9cea14a5a
KXNCAAMBTOTAL-25NOV08ALASJU-171,2025-11-08T15:06:40.31832Z,0.54,17,yes,ff941101-0203-4a7f-41ee-f1c77e4086d6
KXNCAAMBTOTAL-25NOV08ALASJU-171,2025-11-08T15:00:59.200058Z,0.54,348,yes,1e54147a-124f-652b-35e9-a149edb7f62a
KXNCAAMBTOTAL-25NOV08ALASJU-171,2025-11-08T15:00:59.200058Z,0.53,10,yes,07659cfc-b5b7-65ee-1133-28d91f13ead8
KXNCAAMBTOTAL-25NOV08ALASJU-171,2025-11-08T14:42:17.177474Z,0.51,107,no,fe11f870-5063-7bd4-e733-b9a313843155
KXNCAAMBTOTAL-25NOV08ALASJU-171,2025-11-08T13:39:47.268066Z,0.5,19,no,5117f189-2b54-6829-bda3-cde5a3f7b92e
KXNCAAMBTOTAL-25NOV08ALASJU-171,2025-11-08T12:31:15.496231Z,0.54,45,yes,92bb400a-c875-6b81-a30e-0eb134a375a7
KXNCAAMBTOTAL-25NOV08ALASJU-171,2025-11-08T08:44:30.72031Z,0.49,1,no,d3fe2c36-a1cf-4f5c-313c-1e7c6bb93816
KXNCAAMBTOTAL-25NOV08ALASJU-171,2025-11-08T08:43:12.602897Z,0.49,1,no,b7b1972d-9073-6821-9603-c1f393f1b4ab
KXNCAAMBTOTAL-25NOV08ALASJU-171,2025-11-08T08:40:58.651054Z,0.49,1,no,fa3a6f31-a5fb-6939-7474-a4ae122c7453
KXNCAAMBTOTAL-25NOV08ALASJU-171,2025-11-08T07:24:08.15826Z,0.7,34,yes,f03eb57e-5825-6d7a-9e9d-1a3d7ae0bb7d
