ticker,created_time,price,count,taker_side,trade_id
KXNCAAFTOTAL-25NOV08UGAMSST-56,2025-11-08T20:17:37.445213Z,0.99,68,no,1d230104-42e3-58cb-b1ad-a14fe9936fc4
KXNCAAFTOTAL-25NOV08UGAMSST-56,2025-11-08T20:16:34.423814Z,0.99,17,no,b0670557-50e3-7acb-b0b9-baf638c96390
KXNCAAFTOTAL-25NOV08UGAMSST-56,2025-11-08T20:16:01.832971Z,0.99,10,no,8173f7cf-3ec3-5d07-4bc5-3fa0681882e4
KXNCAAFTOTAL-25NOV08UGAMSST-56,2025-11-08T20:15:52.010343Z,0.99,946,no,c0decc58-83ff-4a3f-4227-7d69c7b2c6a8
KXNCAAFTOTAL-25NOV08UGAMSST-56,2025-11-08T20:15:27.259029Z,0.99,38,no,a7ce07e9-e7cb-66c3-632a-963b1ec4ab68
KXNCAAFTOTAL-25NOV08UGAMSST-56,2025-11-08T20:15:04.089136Z,0.99,250,no,dc916bfc-680f-45b3-f11e-9969f62c5bec
KXNCAAFTOTAL-25NOV08UGAMSST-56,2025-11-08T20:12:56.68896Z,0.99,197,no,91f652d9-5e37-4177-fdb9-58b449df5124
KXNCAAFTOTAL-25NOV08UGAMSST-56,2025-11-08T20:12:49.28649Z,0.99,199,no,c9676c4b-5e9f-6d97-da66-599b32d8a5c0
KXNCAAFTOTAL-25NOV08UGAMSST-56,2025-11-08T20:12:02.796621Z,0.99,2604,no,f7f8377f-1d7b-541b-d66e-4ba0bf0bfe48
KXNCAAFTOTAL-25NOV08UGAMSST-56,2025-11-08T20:11:39.099311Z,0.99,200,yes,fa11d922-f530-7aad-18da-38b767a62a53
KXNCAAFTOTAL-25NOV08UGAMSST-56,2025-11-08T20:11:39.099311Z,0.99,142,yes,a4ec9309-3334-795e-28b9-d03194b0afa8
KXNCAAFTOTAL-25NOV08UGAMSST-56,2025-11-08T20:11:39.099311Z,0.99,10,yes,6279414e-b823-7d61-37e4-a4968376aa49
KXNCAAFTOTAL-25NOV08UGAMSST-56,2025-11-08T20:11:39.099311Z,0.99,900,yes,58e3b100-d559-7546-14a8-fb87761851e9
KXNCAAFTOTAL-25NOV08UGAMSST-56,2025-11-08T20:11:39.099311Z,0.99,300,yes,55ca863c-58e6-71bd-38b6-59cb3bd5dbbf
KXNCAAFTOTAL-25NOV08UGAMSST-56,2025-11-08T20:11:39.099311Z,0.99,200,yes,31971605-cf18-7b9c-3d51-0466ab79cef2
KXNCAAFTOTAL-25NOV08UGAMSST-56,2025-11-08T20:11:35.469632Z,0.9,1000,yes,dc0ffacc-e85e-7627-0dbc-80d80067d104
KXNCAAFTOTAL-25NOV08UGAMSST-56,2025-11-08T19:42:55.36131Z,0.6,45,no,318c4088-7ed8-6e9e-5768-bc242ee2daa8
KXNCAAFTOTAL-25NOV08UGAMSST-56,2025-11-08T19:41:39.055368Z,0.8,10,no,7cf53792-7840-7e19-1508-8c5485c507a0
KXNCAAFTOTAL-25NOV08UGAMSST-56,2025-11-08T19:41:39.055368Z,0.6,6,no,5cd53c26-c98c-7156-1380-cf64b8fad888
KXNCAAFTOTAL-25NOV08UGAMSST-56,2025-11-08T19:28:42.280569Z,0.98,200,yes,fe58972f-82be-7808-257c-68146b394269
KXNCAAFTOTAL-25NOV08UGAMSST-56,2025-11-08T19:28:42.280569Z,0.98,58,yes,c9ef3a00-e4bc-70ba-10f4-d93bfb2e6c54
KXNCAAFTOTAL-25NOV08UGAMSST-56,2025-11-08T19:28:42.280569Z,0.95,100,yes,a75ad10e-ca07-7567-2238-3a7cc43da066
KXNCAAFTOTAL-25NOV08UGAMSST-56,2025-11-08T19:28:42.280569Z,0.92,100,yes,3e250181-4f29-742b-3df7-1b4dd74f1f35
KXNCAAFTOTAL-25NOV08UGAMSST-56,2025-11-08T19:28:42.280569Z,0.94,100,yes,106567a5-5d37-7a6b-2dc8-2d1bca633604
KXNCAAFTOTAL-25NOV08UGAMSST-56,2025-11-08T19:24:11.392238Z,0.85,48,yes,373d6b04-dbe3-7203-7d6a-24311c0f215b
KXNCAAFTOTAL-25NOV08UGAMSST-56,2025-11-08T19:23:45.400198Z,0.84,99,yes,a633b7c0-1117-5042-7272-888328774cdf
KXNCAAFTOTAL-25NOV08UGAMSST-56,2025-11-08T19:19:11.390707Z,0.84,1,yes,ad2bd1b6-10b7-7c8e-db26-3103ab456a3f
KXNCAAFTOTAL-25NOV08UGAMSST-56,2025-11-08T19:14:32.424823Z,0.79,73,yes,435e0d4a-fc25-62a0-e890-05a89d372964
KXNCAAFTOTAL-25NOV08UGAMSST-56,2025-11-08T19:10:02.950516Z,0.65,52,yes,d818bf27-46f7-5adf-cded-49512955551f
KXNCAAFTOTAL-25NOV08UGAMSST-56,2025-11-08T19:04:28.574402Z,0.45,22,no,35a29ee3-b0f9-76f7-2cc3-8b419b48cc36
KXNCAAFTOTAL-25NOV08UGAMSST-56,2025-11-08T19:03:16.364716Z,0.73,250,yes,a588e15b-6dd3-6eb9-35b2-9f8a62a98ab5
KXNCAAFTOTAL-25NOV08UGAMSST-56,2025-11-08T18:55:52.816094Z,0.57,1,yes,ead45965-0ba7-5605-8ffa-68b8b03721fd
KXNCAAFTOTAL-25NOV08UGAMSST-56,2025-11-08T18:55:52.816094Z,0.59,65,yes,64c117d1-3177-5f02-bb6d-61a255a24869
KXNCAAFTOTAL-25NOV08UGAMSST-56,2025-11-08T18:55:52.816094Z,0.58,33,yes,0e793b78-ab31-57da-901b-999dfbffef64
KXNCAAFTOTAL-25NOV08UGAMSST-56,2025-11-08T18:55:16.533872Z,0.46,60,no,ca8f3964-0c84-6dc7-1fdc-fbfc860ee270
KXNCAAFTOTAL-25NOV08UGAMSST-56,2025-11-08T18:44:43.978437Z,0.46,197,no,d2de4044-427b-4558-558a-2feb862f7db6
KXNCAAFTOTAL-25NOV08UGAMSST-56,2025-11-08T18:36:48.796512Z,0.5,18,yes,9674740e-9735-525f-495a-75b3491d6981
KXNCAAFTOTAL-25NOV08UGAMSST-56,2025-11-08T18:34:30.595913Z,0.4,14,no,a8bcbf8c-8f95-5fa3-1fcb-49a9bd313eb7
KXNCAAFTOTAL-25NOV08UGAMSST-56,2025-11-08T18:34:30.595913Z,0.41,4,no,70880e99-4e64-5ce3-0653-57cab48e00c4
KXNCAAFTOTAL-25NOV08UGAMSST-56,2025-11-08T18:32:24.883229Z,0.41,6,no,2aa4c7d1-43e8-7b33-77a3-87128939f0a0
KXNCAAFTOTAL-25NOV08UGAMSST-56,2025-11-08T18:31:24.462737Z,0.51,9,yes,95799428-c0db-78b5-9df2-6845675ffd91
KXNCAAFTOTAL-25NOV08UGAMSST-56,2025-11-08T18:28:22.756157Z,0.5,284,yes,c6b47f2f-6e03-54bf-b908-b5714d2740ca
KXNCAAFTOTAL-25NOV08UGAMSST-56,2025-11-08T18:28:09.307302Z,0.5,193,yes,856dc8ce-8193-642f-dacf-34b19ad5daf2
KXNCAAFTOTAL-25NOV08UGAMSST-56,2025-11-08T18:27:13.663489Z,0.54,30,no,913762d0-b681-5466-1a8b-b830ec3aed52
KXNCAAFTOTAL-25NOV08UGAMSST-56,2025-11-08T18:26:34.900546Z,0.64,30,yes,c5a8d0f7-54a7-61c0-b7a0-9f5cc4edea4f
KXNCAAFTOTAL-25NOV08UGAMSST-56,2025-11-08T18:26:34.900546Z,0.47,164,yes,8d23f00e-007b-6dd7-9a22-b6d5cf19f017
KXNCAAFTOTAL-25NOV08UGAMSST-56,2025-11-08T18:22:45.760364Z,0.4,16,no,03aa641c-28a1-56f3-23a9-686c4537d6c7
KXNCAAFTOTAL-25NOV08UGAMSST-56,2025-11-08T18:13:25.411594Z,0.47,90,no,322a4721-c086-7866-28ea-6d9f12faf11e
KXNCAAFTOTAL-25NOV08UGAMSST-56,2025-11-08T18:13:25.411594Z,0.46,431,no,0a079aec-9006-7c52-0370-a32f7fd824ad
KXNCAAFTOTAL-25NOV08UGAMSST-56,2025-11-08T18:11:56.300515Z,0.47,21,no,4023d8fb-609a-5f51-7838-96377fa09c1a
KXNCAAFTOTAL-25NOV08UGAMSST-56,2025-11-08T17:57:21.104354Z,0.47,182,no,5b5bed31-620b-5f21-83c2-aaeeaeb8e05a
KXNCAAFTOTAL-25NOV08UGAMSST-56,2025-11-08T17:46:19.347351Z,0.42,37,no,9fd3e8b1-57fd-593f-3e15-b7273b2c28b7
KXNCAAFTOTAL-25NOV08UGAMSST-56,2025-11-08T17:45:47.633894Z,0.71,6,yes,f58383de-2016-4f03-98cb-67dd6b2da399
KXNCAAFTOTAL-25NOV08UGAMSST-56,2025-11-08T17:44:00.597856Z,0.43,59,no,0cd2c8f7-5e8f-4940-c3be-17f570e41c0b
KXNCAAFTOTAL-25NOV08UGAMSST-56,2025-11-08T17:30:43.533685Z,0.67,150,yes,a173c436-120b-5d40-a706-d29266ff5830
KXNCAAFTOTAL-25NOV08UGAMSST-56,2025-11-08T17:30:43.533685Z,0.79,27,yes,9c88261d-2059-5e68-8aed-f22fe864b0bc
KXNCAAFTOTAL-25NOV08UGAMSST-56,2025-11-08T17:30:41.796644Z,0.4,486,no,b491d243-8328-478b-7bc7-e8ed4cc296c3
KXNCAAFTOTAL-25NOV08UGAMSST-56,2025-11-08T17:23:43.926211Z,0.66,73,yes,ad015fc5-7d2b-5d12-30b8-cf3657a5f1cc
KXNCAAFTOTAL-25NOV08UGAMSST-56,2025-11-08T17:16:41.052253Z,0.63,30,yes,4e79c80c-e419-7610-f882-2011a7b0a9a1
KXNCAAFTOTAL-25NOV08UGAMSST-56,2025-11-08T17:16:13.373779Z,0.63,3,yes,da9535c9-035d-6e52-54af-f36e4184bebc
KXNCAAFTOTAL-25NOV08UGAMSST-56,2025-11-08T17:10:24.888408Z,0.58,16,yes,410eae79-356d-7796-f665-ff7b7702a96d
KXNCAAFTOTAL-25NOV08UGAMSST-56,2025-11-08T17:09:30.040991Z,0.53,18,yes,38690e86-cfff-5319-8c0c-9f86046ad75d
KXNCAAFTOTAL-25NOV08UGAMSST-56,2025-11-08T17:06:19.940399Z,0.56,34,yes,6283d220-e4c8-58ef-db1d-73d6cca8c2ee
KXNCAAFTOTAL-25NOV08UGAMSST-56,2025-11-08T17:04:10.712493Z,0.56,10,yes,08e7f744-8fac-7eab-02f9-08fea37fbb66
KXNCAAFTOTAL-25NOV08UGAMSST-56,2025-11-08T17:03:31.148595Z,0.56,17,yes,98b0e932-00a4-48a3-104e-e3bd784c383a
KXNCAAFTOTAL-25NOV08UGAMSST-56,2025-11-08T16:59:07.618592Z,0.49,40,yes,f4ac1946-9f13-6bd9-0952-41acf85f3e58
KXNCAAFTOTAL-25NOV08UGAMSST-56,2025-11-08T16:58:34.800826Z,0.49,492,yes,bee07793-bee7-6f95-92f6-13b615df2208
KXNCAAFTOTAL-25NOV08UGAMSST-56,2025-11-08T16:58:08.654538Z,0.49,88,yes,12a93452-4967-467d-bfb7-170d19b84194
KXNCAAFTOTAL-25NOV08UGAMSST-56,2025-11-08T16:58:00.871448Z,0.49,1933,yes,d5fd6d8b-d5b7-5225-65a9-506d18b5f6bc
KXNCAAFTOTAL-25NOV08UGAMSST-56,2025-11-08T16:55:29.602316Z,0.49,41,yes,2650c34f-54b3-438d-397e-64130a7a1280
KXNCAAFTOTAL-25NOV08UGAMSST-56,2025-11-08T16:55:03.088329Z,0.49,38,yes,ced2cb93-4f1f-4825-8e47-c8e32594c904
KXNCAAFTOTAL-25NOV08UGAMSST-56,2025-11-08T16:53:44.420508Z,0.49,98,yes,05711556-12b7-79dd-9459-421f890f07d0
KXNCAAFTOTAL-25NOV08UGAMSST-56,2025-11-08T16:53:39.400043Z,0.49,10,yes,ce72b395-c4e3-5269-d25c-b91bfe475b04
KXNCAAFTOTAL-25NOV08UGAMSST-56,2025-11-08T16:50:02.666694Z,0.49,500,yes,4963b4c0-d9f7-5735-7fc8-afc12aed4910
KXNCAAFTOTAL-25NOV08UGAMSST-56,2025-11-08T16:48:05.293994Z,0.49,197,yes,e1f63d68-364f-557d-8c7c-51f273dd93e0
KXNCAAFTOTAL-25NOV08UGAMSST-56,2025-11-08T16:47:04.73948Z,0.48,558,no,17d2c7f2-19a7-44ae-d32e-9adddf80523c
KXNCAAFTOTAL-25NOV08UGAMSST-56,2025-11-08T16:47:00.888455Z,0.49,49,yes,2c94e4d6-a527-772d-1c9a-b4b9f0f42f9c
KXNCAAFTOTAL-25NOV08UGAMSST-56,2025-11-08T16:45:04.322536Z,0.49,493,yes,b26143c8-cdb7-7b65-8100-1413a8ace3e8
KXNCAAFTOTAL-25NOV08UGAMSST-56,2025-11-08T16:44:31.510677Z,0.49,492,yes,bee012c4-11cb-5855-1b7f-8e23290675fc
KXNCAAFTOTAL-25NOV08UGAMSST-56,2025-11-08T16:42:35.190558Z,0.48,46,no,1c5b4471-44cb-4652-7028-f7aeb5f340a4
KXNCAAFTOTAL-25NOV08UGAMSST-56,2025-11-08T16:40:10.254449Z,0.47,90,no,3171df3e-2b1c-4582-c047-2a8e5fc504c8
KXNCAAFTOTAL-25NOV08UGAMSST-56,2025-11-08T16:34:46.908343Z,0.49,946,yes,d8fe2876-a653-4f7d-ac21-6f1c23dbfe4c
KXNCAAFTOTAL-25NOV08UGAMSST-56,2025-11-08T16:33:17.796323Z,0.47,45,no,87ac5a86-d3bc-4a0e-5b8a-5021540005c4
KXNCAAFTOTAL-25NOV08UGAMSST-56,2025-11-08T16:31:23.819587Z,0.47,35,no,202e32e1-8fb4-4682-6169-90d252f5debc
KXNCAAFTOTAL-25NOV08UGAMSST-56,2025-11-08T16:29:58.328191Z,0.49,2,yes,cad5d597-85d7-57f9-c538-081b3d01fe00
KXNCAAFTOTAL-25NOV08UGAMSST-56,2025-11-08T16:27:29.036735Z,0.47,21,no,6b34c8b2-72e8-5872-32c8-242568237120
KXNCAAFTOTAL-25NOV08UGAMSST-56,2025-11-08T16:26:22.218564Z,0.49,197,yes,60838957-055f-6f05-b94e-bd765ac93b54
KXNCAAFTOTAL-25NOV08UGAMSST-56,2025-11-08T16:26:19.630283Z,0.47,91,no,3ebdc3e4-b194-645a-c7d3-d955c6058674
KXNCAAFTOTAL-25NOV08UGAMSST-56,2025-11-08T16:24:06.908081Z,0.47,27,no,2e102165-c0a0-6f2a-e796-ca1f01890c2c
KXNCAAFTOTAL-25NOV08UGAMSST-56,2025-11-08T16:16:28.508032Z,0.49,197,yes,b55c4dfc-c113-6fc5-8e6c-af6383bc120c
KXNCAAFTOTAL-25NOV08UGAMSST-56,2025-11-08T16:15:59.68207Z,0.49,49,yes,27f0f436-ddd7-4845-3a18-df3ec9df2a48
KXNCAAFTOTAL-25NOV08UGAMSST-56,2025-11-08T16:11:27.225377Z,0.49,414,yes,8fb248e9-3637-65ed-cf8e-89876b428064
KXNCAAFTOTAL-25NOV08UGAMSST-56,2025-11-08T16:11:04.75346Z,0.49,5,yes,d29eec11-ada7-67c1-5077-5b645d3e4914
KXNCAAFTOTAL-25NOV08UGAMSST-56,2025-11-08T16:04:12.336623Z,0.49,19,yes,b903950e-5adb-46f5-39d7-5730eb5c7a4c
KXNCAAFTOTAL-25NOV08UGAMSST-56,2025-11-08T15:51:41.314139Z,0.49,492,yes,45e09473-a6c7-740d-32cb-f1f03e73aa1c
KXNCAAFTOTAL-25NOV08UGAMSST-56,2025-11-08T15:45:33.593738Z,0.49,39,yes,03834d56-5faf-429d-786a-f8c7571d5474
KXNCAAFTOTAL-25NOV08UGAMSST-56,2025-11-08T15:43:12.999681Z,0.49,9852,yes,df50e782-015b-46a9-3067-288b64a7bc90
KXNCAAFTOTAL-25NOV08UGAMSST-56,2025-11-08T15:42:18.7695Z,0.49,68,yes,37289fa1-d043-53c9-3a74-3c08060e9c30
KXNCAAFTOTAL-25NOV08UGAMSST-56,2025-11-08T15:40:56.155377Z,0.49,17,yes,3951083a-5d37-539d-a612-887b84ca0b44
KXNCAAFTOTAL-25NOV08UGAMSST-56,2025-11-08T15:30:01.220465Z,0.49,100,yes,73d8750a-2ffb-72bd-0a1e-b36e7058a53c
KXNCAAFTOTAL-25NOV08UGAMSST-56,2025-11-08T15:29:39.918495Z,0.49,199,yes,0e56bd97-b897-5209-1bda-0ba4150748f0
KXNCAAFTOTAL-25NOV08UGAMSST-56,2025-11-08T15:26:17.681622Z,0.49,50,yes,e991f3e9-72b7-7e4d-04da-344dc6b99954
KXNCAAFTOTAL-25NOV08UGAMSST-56,2025-11-08T15:22:42.087762Z,0.49,10,yes,7c7e3c18-1223-67dd-8d51-26c4eee3e388
KXNCAAFTOTAL-25NOV08UGAMSST-56,2025-11-08T15:13:33.020083Z,0.49,1,yes,b82b84c9-af1b-470d-cf8c-5d4b4030dd20
KXNCAAFTOTAL-25NOV08UGAMSST-56,2025-11-08T14:59:20.695612Z,0.49,246,yes,1656791d-17ab-67e9-38f5-aba782a8c348
KXNCAAFTOTAL-25NOV08UGAMSST-56,2025-11-08T14:52:55.544877Z,0.49,591,yes,fc2e9a9b-3b37-5779-82e5-bb9edccef9b0
KXNCAAFTOTAL-25NOV08UGAMSST-56,2025-11-08T14:48:01.035203Z,0.5,483,yes,6f4cd3cd-8c7f-5b67-beab-2e158df5f314
