ticker,created_time,price,count,taker_side,trade_id
KXNCAAFSPREAD-25NOV08INDPSU-IND13,2025-11-08T20:40:55.729386Z,0.01,1257,yes,afa60ddf-c918-5f51-1227-d98696bf0658
KXNCAAFSPREAD-25NOV08INDPSU-IND13,2025-11-08T20:37:28.604825Z,0.01,10,yes,8c79d134-bd58-4c99-ee57-4268fb4817b0
KXNCAAFSPREAD-25NOV08INDPSU-IND13,2025-11-08T20:29:40.083772Z,0.01,302,yes,9ea11698-5efc-50e9-931d-02d0d48f1b60
KXNCAAFSPREAD-25NOV08INDPSU-IND13,2025-11-08T20:28:10.822164Z,0.01,965,yes,097b3ad0-9a20-5fd5-7668-4ef0f96c65d4
KXNCAAFSPREAD-25NOV08INDPSU-IND13,2025-11-08T20:25:27.562422Z,0.01,264,yes,ac452529-7774-7ee5-dc50-9ecab7ffac0c
KXNCAAFSPREAD-25NOV08INDPSU-IND13,2025-11-08T20:14:28.662738Z,0.01,201,yes,036c4aeb-6cb0-6af5-fcbb-08be98a09ee8
KXNCAAFSPREAD-25NOV08INDPSU-IND13,2025-11-08T20:08:09.559259Z,0.01,512,yes,9eda052c-ece0-7e69-6ec1-b14523cea084
KXNCAAFSPREAD-25NOV08INDPSU-IND13,2025-11-08T20:06:04.210582Z,0.01,107,yes,d1951613-a35c-5bb9-9294-b3272f440a0c
KXNCAAFSPREAD-25NOV08INDPSU-IND13,2025-11-08T20:04:35.867943Z,0.01,205,yes,128954ea-14e0-5b79-420f-c41d2df6b3ec
KXNCAAFSPREAD-25NOV08INDPSU-IND13,2025-11-08T20:02:59.224534Z,0.01,16,yes,93d24306-c414-5101-77ac-effa50479b58
KXNCAAFSPREAD-25NOV08INDPSU-IND13,2025-11-08T20:02:01.391725Z,0.01,228,yes,e904ec26-a7cc-4d99-4af6-33181e369020
KXNCAAFSPREAD-25NOV08INDPSU-IND13,2025-11-08T20:00:04.801541Z,0.01,297,no,5712ccce-acc3-6826-4038-b3d2e6c5df30
KXNCAAFSPREAD-25NOV08INDPSU-IND13,2025-11-08T19:59:54.61458Z,0.02,434,no,93d5746d-c716-67a9-a22b-c23c0b4061a7
KXNCAAFSPREAD-25NOV08INDPSU-IND13,2025-11-08T19:59:52.861231Z,0.51,19,yes,cf13d004-94ee-6935-3a9c-74ab1521e956
KXNCAAFSPREAD-25NOV08INDPSU-IND13,2025-11-08T19:59:33.703803Z,0.02,44,no,45ac8918-4aba-43f5-7e26-933f7a04d77b
KXNCAAFSPREAD-25NOV08INDPSU-IND13,2025-11-08T19:59:30.903026Z,0.02,123,no,35566a4f-dc6a-7f65-d6b5-973a977d714b
KXNCAAFSPREAD-25NOV08INDPSU-IND13,2025-11-08T19:58:46.503506Z,0.02,12,no,2a533039-092e-4dc9-c322-2f1634edef3b
KXNCAAFSPREAD-25NOV08INDPSU-IND13,2025-11-08T19:57:48.083904Z,0.02,17,no,9a8fb55b-c3aa-58bd-0080-83b552b8ebd3
KXNCAAFSPREAD-25NOV08INDPSU-IND13,2025-11-08T19:57:41.275725Z,0.02,7,no,c6c88e6e-d529-71d4-c344-af7588ad02bf
KXNCAAFSPREAD-25NOV08INDPSU-IND13,2025-11-08T19:57:41.275725Z,0.01,3,no,1c156733-bc07-7046-d3d6-68927c917f2c
KXNCAAFSPREAD-25NOV08INDPSU-IND13,2025-11-08T19:57:12.544303Z,0.02,44,no,66d7bd3a-65a9-5634-7913-2515434d95db
KXNCAAFSPREAD-25NOV08INDPSU-IND13,2025-11-08T19:56:43.271392Z,0.02,26,no,25b4be91-b799-6efc-0672-3ae37d990b27
KXNCAAFSPREAD-25NOV08INDPSU-IND13,2025-11-08T19:56:08.070486Z,0.02,50,no,622bc3f6-3bed-70a0-0146-59da4d6f10ff
KXNCAAFSPREAD-25NOV08INDPSU-IND13,2025-11-08T19:55:48.328537Z,0.02,646,no,bd6e79df-6b0d-78ac-2c0e-1df007bcf857
KXNCAAFSPREAD-25NOV08INDPSU-IND13,2025-11-08T19:55:40.785961Z,0.02,227,no,b6583333-dea5-6d98-0426-844676b9385b
KXNCAAFSPREAD-25NOV08INDPSU-IND13,2025-11-08T19:55:40.785961Z,0.02,73,no,2fef5e31-ffff-6aca-181c-df0dd6deac39
KXNCAAFSPREAD-25NOV08INDPSU-IND13,2025-11-08T19:55:21.175602Z,0.03,81,no,bcf20f9e-12d4-4dab-881d-713c72999358
KXNCAAFSPREAD-25NOV08INDPSU-IND13,2025-11-08T19:55:21.175602Z,0.02,127,no,609a0292-2d43-4c02-8408-36ffee2bf849
KXNCAAFSPREAD-25NOV08INDPSU-IND13,2025-11-08T19:54:55.015993Z,0.03,17,no,69daa9c6-931c-4c2b-4939-026430eb34c8
KXNCAAFSPREAD-25NOV08INDPSU-IND13,2025-11-08T19:54:21.7931Z,0.03,2,no,8fe252e3-09d8-7313-8e9e-95055c259c48
KXNCAAFSPREAD-25NOV08INDPSU-IND13,2025-11-08T19:48:58.99809Z,0.13,21,yes,6bc9946f-c56c-7ffd-645a-092f1e1bc902
KXNCAAFSPREAD-25NOV08INDPSU-IND13,2025-11-08T19:48:51.432789Z,0.07,100,no,a197c619-6018-67ac-a8b1-14a74fda5129
KXNCAAFSPREAD-25NOV08INDPSU-IND13,2025-11-08T19:48:51.432789Z,0.04,168,no,70f2b463-7f48-68ac-8042-4682fa4e3d2c
KXNCAAFSPREAD-25NOV08INDPSU-IND13,2025-11-08T19:48:51.432789Z,0.06,100,no,2ab0a51b-ac95-6685-b479-b10acc18e6f6
KXNCAAFSPREAD-25NOV08INDPSU-IND13,2025-11-08T19:48:23.554122Z,0.13,7,yes,d7c94e1e-9887-5324-3928-c423fd471306
KXNCAAFSPREAD-25NOV08INDPSU-IND13,2025-11-08T19:48:13.741939Z,0.13,713,yes,a04c9503-4107-64e4-82ad-00ea79e19706
KXNCAAFSPREAD-25NOV08INDPSU-IND13,2025-11-08T19:45:44.402664Z,0.3,13,no,16ec6b14-f031-5ecf-656a-f63a717e7a83
KXNCAAFSPREAD-25NOV08INDPSU-IND13,2025-11-08T19:45:15.051639Z,0.16,380,yes,28ea549f-9e9f-79c1-09fc-ae9fc4dabcd2
KXNCAAFSPREAD-25NOV08INDPSU-IND13,2025-11-08T19:45:08.769347Z,0.29,24,no,aa9073a5-d7b6-6cb9-4ecc-8ccb06d7ef4c
KXNCAAFSPREAD-25NOV08INDPSU-IND13,2025-11-08T19:44:26.21442Z,0.36,19,no,6dc1bb5e-e9ae-5711-acea-cd905471d874
KXNCAAFSPREAD-25NOV08INDPSU-IND13,2025-11-08T19:44:26.21442Z,0.39,2,no,42f8f66b-12ea-51a8-ac69-fcb2d19fc9e4
KXNCAAFSPREAD-25NOV08INDPSU-IND13,2025-11-08T19:42:40.548357Z,0.38,23,no,8813c963-3625-53fd-a9c0-5b505bf35cf6
KXNCAAFSPREAD-25NOV08INDPSU-IND13,2025-11-08T19:40:29.758759Z,0.39,6,no,a77de32c-2c8a-4154-2085-cfdea9edfc38
KXNCAAFSPREAD-25NOV08INDPSU-IND13,2025-11-08T19:40:29.758759Z,0.43,2,no,3d817bbd-24ce-47a6-21f7-720ecc5bd7a2
KXNCAAFSPREAD-25NOV08INDPSU-IND13,2025-11-08T19:40:20.389199Z,0.48,20,yes,7d731117-eaa1-73bc-f901-3c11fa424e1f
KXNCAAFSPREAD-25NOV08INDPSU-IND13,2025-11-08T19:38:37.294381Z,0.5,46,no,a6eb7d2f-c240-5638-36b7-a2ee6198fd7a
KXNCAAFSPREAD-25NOV08INDPSU-IND13,2025-11-08T19:37:56.921687Z,0.5,1000,yes,bc9efb88-dcf4-5792-40ae-d8730bfa6d6d
KXNCAAFSPREAD-25NOV08INDPSU-IND13,2025-11-08T19:37:10.429853Z,0.54,96,yes,a5d21518-b60f-53c9-f706-a787b527b961
KXNCAAFSPREAD-25NOV08INDPSU-IND13,2025-11-08T19:37:10.429853Z,0.55,346,yes,46919e26-40c4-585b-d051-67087bd75dc4
KXNCAAFSPREAD-25NOV08INDPSU-IND13,2025-11-08T19:35:01.656369Z,0.56,866,yes,d4f8c182-1a9b-56ef-ec06-edbd07d31d5d
KXNCAAFSPREAD-25NOV08INDPSU-IND13,2025-11-08T19:28:21.36259Z,0.59,24,yes,5303c76f-85fd-560f-2246-1e2ef5923f22
KXNCAAFSPREAD-25NOV08INDPSU-IND13,2025-11-08T19:24:24.459918Z,0.61,100,yes,56704654-8bad-6e08-4a54-8304d9a391ea
KXNCAAFSPREAD-25NOV08INDPSU-IND13,2025-11-08T19:24:24.318319Z,0.61,300,yes,ffbfb2a0-9001-7198-fd8d-f186fe1c8b62
KXNCAAFSPREAD-25NOV08INDPSU-IND13,2025-11-08T19:23:35.375799Z,0.45,10,no,40d57463-d0f2-5828-1060-a6901257b095
KXNCAAFSPREAD-25NOV08INDPSU-IND13,2025-11-08T19:23:24.660587Z,0.61,31,yes,41aeafb1-6e6d-49d4-bf8b-acb7426eadf2
KXNCAAFSPREAD-25NOV08INDPSU-IND13,2025-11-08T19:11:20.007875Z,0.79,2,no,b4065839-5eb7-7033-a83b-8e2a14028e66
KXNCAAFSPREAD-25NOV08INDPSU-IND13,2025-11-08T19:11:20.007875Z,0.78,6,no,12dcdb4b-0cfa-7b80-a3a1-88bd1564835e
KXNCAAFSPREAD-25NOV08INDPSU-IND13,2025-11-08T19:08:56.908178Z,0.93,1,yes,bb723b40-b49d-78f5-cc17-404ac14785cf
KXNCAAFSPREAD-25NOV08INDPSU-IND13,2025-11-08T19:03:19.107132Z,0.82,74,yes,ce9e374d-d3c8-5349-8705-fb3f03ae8638
KXNCAAFSPREAD-25NOV08INDPSU-IND13,2025-11-08T19:03:19.107132Z,0.76,2,yes,af10247c-644b-5a79-b89c-28d500e1662b
KXNCAAFSPREAD-25NOV08INDPSU-IND13,2025-11-08T19:03:19.107132Z,0.77,100,yes,815c0c52-e242-5048-a265-e948bc17b2bd
KXNCAAFSPREAD-25NOV08INDPSU-IND13,2025-11-08T19:03:19.107132Z,0.82,6,yes,532646d4-17fc-5c57-8c06-8ab952c87286
KXNCAAFSPREAD-25NOV08INDPSU-IND13,2025-11-08T19:03:19.107132Z,0.74,4,yes,28a7eb67-05b1-5b3b-b753-2d186dc64ca7
KXNCAAFSPREAD-25NOV08INDPSU-IND13,2025-11-08T19:00:59.402086Z,0.74,6,yes,b619b915-b0e5-7b3b-cfc1-1dc427937393
KXNCAAFSPREAD-25NOV08INDPSU-IND13,2025-11-08T18:58:39.403446Z,0.59,25,no,2af1b92e-e458-6559-c491-267f45f71009
KXNCAAFSPREAD-25NOV08INDPSU-IND13,2025-11-08T18:58:20.222711Z,0.63,75,yes,a0bd3f48-c152-766c-1605-ba33ab3e7d08
KXNCAAFSPREAD-25NOV08INDPSU-IND13,2025-11-08T18:58:20.222711Z,0.61,2,yes,15114e67-4d0c-783f-3410-32237ec628a6
KXNCAAFSPREAD-25NOV08INDPSU-IND13,2025-11-08T18:55:18.816732Z,0.6,40,yes,cef228f2-79ce-48fd-7063-1af5f03e0235
KXNCAAFSPREAD-25NOV08INDPSU-IND13,2025-11-08T18:52:57.2381Z,0.6,8,yes,80e10b75-e362-59e1-5071-dc3a1c178cc9
KXNCAAFSPREAD-25NOV08INDPSU-IND13,2025-11-08T18:51:36.431801Z,0.6,2696,yes,9f2a7c77-ff9e-4de1-20fe-7e8e3205a009
KXNCAAFSPREAD-25NOV08INDPSU-IND13,2025-11-08T18:42:40.3646Z,0.57,492,no,6a57eaa5-cd66-59f2-56d9-a6ca1e75f44c
KXNCAAFSPREAD-25NOV08INDPSU-IND13,2025-11-08T18:42:40.3646Z,0.58,2,no,1974bec7-9c5b-5e70-59da-7d5d00efdb5a
KXNCAAFSPREAD-25NOV08INDPSU-IND13,2025-11-08T18:42:22.241531Z,0.6,150,no,0c60445c-0352-787a-adb8-abf1da3854b8
KXNCAAFSPREAD-25NOV08INDPSU-IND13,2025-11-08T18:37:52.120855Z,0.66,9,yes,b8b02192-0fc9-58df-50f7-32c4d49fe4a1
KXNCAAFSPREAD-25NOV08INDPSU-IND13,2025-11-08T18:30:43.769333Z,0.54,2,no,2f848223-094b-4e9b-8501-fc759fc4c915
KXNCAAFSPREAD-25NOV08INDPSU-IND13,2025-11-08T18:30:43.769333Z,0.53,203,no,186022d8-4d1b-4f1e-9e26-5998c6652617
KXNCAAFSPREAD-25NOV08INDPSU-IND13,2025-11-08T18:30:23.014386Z,0.65,674,yes,d29aafa3-dee1-552a-5dfb-b7f78d35b0e5
KXNCAAFSPREAD-25NOV08INDPSU-IND13,2025-11-08T18:30:23.014386Z,0.65,76,yes,13ad53e5-3032-570e-7844-ce342efbf6ac
KXNCAAFSPREAD-25NOV08INDPSU-IND13,2025-11-08T18:30:14.894811Z,0.65,368,yes,346e246f-b0aa-4af6-d05b-1ed6c9372c68
KXNCAAFSPREAD-25NOV08INDPSU-IND13,2025-11-08T18:29:54.416127Z,0.64,13,yes,ddd85868-cf68-7217-d14f-c8d8a1483550
KXNCAAFSPREAD-25NOV08INDPSU-IND13,2025-11-08T18:29:54.416127Z,0.59,2,yes,8572925e-e57f-7f4f-d11c-e19714fb04a8
KXNCAAFSPREAD-25NOV08INDPSU-IND13,2025-11-08T18:27:31.618023Z,0.56,86,yes,a279905e-faed-569f-e149-51389b05d5ac
KXNCAAFSPREAD-25NOV08INDPSU-IND13,2025-11-08T18:26:26.054809Z,0.52,20,no,34f54231-be51-6309-fff2-75b9ca1adeae
KXNCAAFSPREAD-25NOV08INDPSU-IND13,2025-11-08T18:25:15.867117Z,0.51,646,yes,adf79a5a-3a43-56b6-e895-d9df09ac1078
KXNCAAFSPREAD-25NOV08INDPSU-IND13,2025-11-08T18:25:01.21114Z,0.36,228,no,78d47b20-716f-500a-ed3d-e597b1543f21
KXNCAAFSPREAD-25NOV08INDPSU-IND13,2025-11-08T18:23:20.606804Z,0.35,9,no,93752280-66c2-523b-0263-6571b4aafdcb
KXNCAAFSPREAD-25NOV08INDPSU-IND13,2025-11-08T18:23:20.011765Z,0.43,40,yes,2f1b37d5-c6fd-68c3-e582-320932da9905
KXNCAAFSPREAD-25NOV08INDPSU-IND13,2025-11-08T18:21:41.751959Z,0.43,11,yes,d9465f9b-5bfd-4213-bca0-da0112722ecd
KXNCAAFSPREAD-25NOV08INDPSU-IND13,2025-11-08T18:19:54.496456Z,0.44,54,yes,ed869102-b710-4029-0ea5-64f955925af9
KXNCAAFSPREAD-25NOV08INDPSU-IND13,2025-11-08T18:19:46.019018Z,0.44,273,yes,85a9cb75-1798-7c79-b4f2-a0250d22ee81
KXNCAAFSPREAD-25NOV08INDPSU-IND13,2025-11-08T18:19:44.72084Z,0.41,2,yes,18e040a5-61aa-6fe3-a033-2f6b229d75e0
KXNCAAFSPREAD-25NOV08INDPSU-IND13,2025-11-08T18:19:44.72084Z,0.44,492,yes,0662f12b-7bd4-6839-8abc-218be17c0621
KXNCAAFSPREAD-25NOV08INDPSU-IND13,2025-11-08T18:15:35.768619Z,0.37,126,yes,5b012539-bde4-7add-de05-ad6d48f4694e
KXNCAAFSPREAD-25NOV08INDPSU-IND13,2025-11-08T18:15:27.147565Z,0.37,80,no,726dddaf-c899-7e92-938e-5b0c7c9e6bf5
KXNCAAFSPREAD-25NOV08INDPSU-IND13,2025-11-08T18:12:50.277157Z,0.57,340,yes,7fcaa0be-ac2b-58de-a3a4-e8364f2dbc1d
KXNCAAFSPREAD-25NOV08INDPSU-IND13,2025-11-08T18:11:47.968106Z,0.37,70,no,1c590630-1c0d-5dda-0346-a14f515bac95
KXNCAAFSPREAD-25NOV08INDPSU-IND13,2025-11-08T18:10:46.384188Z,0.43,100,yes,daf2b1d0-17dd-6ed3-e560-5e39bd16a93a
KXNCAAFSPREAD-25NOV08INDPSU-IND13,2025-11-08T18:09:25.602377Z,0.51,18,yes,9f607427-a151-4a96-5a18-1c04230c4dfd
KXNCAAFSPREAD-25NOV08INDPSU-IND13,2025-11-08T18:08:24.851112Z,0.57,8,yes,9a9f458e-e328-77a8-3c09-e61e6b4f5195
KXNCAAFSPREAD-25NOV08INDPSU-IND13,2025-11-08T18:08:24.851112Z,0.57,17,yes,5de6be74-c5a7-7b67-3ef3-906c35aa80cc
KXNCAAFSPREAD-25NOV08INDPSU-IND13,2025-11-08T18:07:51.201377Z,0.48,150,yes,bbe11256-d40e-7872-af17-f041d6410999
KXNCAAFSPREAD-25NOV08INDPSU-IND13,2025-11-08T18:07:51.201377Z,0.49,838,yes,19873cd0-c16f-7aac-aebc-b420973aaa14
KXNCAAFSPREAD-25NOV08INDPSU-IND13,2025-11-08T18:05:32.076195Z,0.47,820,yes,f3fab080-4311-721f-26f6-5930ff3c3d96
KXNCAAFSPREAD-25NOV08INDPSU-IND13,2025-11-08T18:05:02.255097Z,0.43,5,yes,c2672fea-3663-7ce5-b75e-ff417f455823
KXNCAAFSPREAD-25NOV08INDPSU-IND13,2025-11-08T18:03:13.031497Z,0.38,125,no,7e336cd2-4dab-6204-6250-0b627cbedc67
KXNCAAFSPREAD-25NOV08INDPSU-IND13,2025-11-08T18:02:39.17304Z,0.38,1,no,5c0335e1-335f-5428-e171-a9577a70c51f
KXNCAAFSPREAD-25NOV08INDPSU-IND13,2025-11-08T17:59:01.141592Z,0.49,23,yes,c66e6126-c866-4c7d-4fc0-79e37da9b9cd
KXNCAAFSPREAD-25NOV08INDPSU-IND13,2025-11-08T17:58:22.614752Z,0.41,37,no,0d97cb40-f5dd-44b6-2958-cf5cafb7cf3d
KXNCAAFSPREAD-25NOV08INDPSU-IND13,2025-11-08T17:57:21.630272Z,0.42,41,no,cc276557-ce1a-4937-db2b-822447536c29
KXNCAAFSPREAD-25NOV08INDPSU-IND13,2025-11-08T17:55:03.601391Z,0.5,20,yes,5c463a70-b8a4-56c2-0c5f-16a9a323e5f2
KXNCAAFSPREAD-25NOV08INDPSU-IND13,2025-11-08T17:54:40.956511Z,0.51,187,yes,5664e39a-d535-50e0-1dc9-e7378d4cc041
KXNCAAFSPREAD-25NOV08INDPSU-IND13,2025-11-08T17:54:15.318408Z,0.54,2,no,fa0c8cc5-7f00-4a87-a59f-7709386cc96f
KXNCAAFSPREAD-25NOV08INDPSU-IND13,2025-11-08T17:53:10.815553Z,0.59,18,yes,25a46578-8c73-78e5-c1a6-fba341e34476
KXNCAAFSPREAD-25NOV08INDPSU-IND13,2025-11-08T17:52:45.147088Z,0.59,16,yes,7e56aba2-633f-55ec-45d1-1716e54e6d34
KXNCAAFSPREAD-25NOV08INDPSU-IND13,2025-11-08T17:51:37.317875Z,0.61,1000,no,3f8dad7e-5e58-74e7-2803-1535626d633c
KXNCAAFSPREAD-25NOV08INDPSU-IND13,2025-11-08T17:51:04.440067Z,0.64,30,yes,663c7676-bc4d-72c1-bf18-ad9d0a4f450e
KXNCAAFSPREAD-25NOV08INDPSU-IND13,2025-11-08T17:49:52.482712Z,0.6,1864,no,691bedc4-40a4-585f-6843-b88dce821eb3
KXNCAAFSPREAD-25NOV08INDPSU-IND13,2025-11-08T17:49:08.169767Z,0.65,6,yes,9fe8afc6-16b6-7326-1fbd-f2a5e39e5fb0
KXNCAAFSPREAD-25NOV08INDPSU-IND13,2025-11-08T17:49:08.169767Z,0.6,9,yes,26fb77ae-b262-7597-2e33-a6fff7eed76b
KXNCAAFSPREAD-25NOV08INDPSU-IND13,2025-11-08T17:48:05.45664Z,0.6,8,yes,a91f70ec-6aba-5687-ebb5-6cace8a14347
KXNCAAFSPREAD-25NOV08INDPSU-IND13,2025-11-08T17:46:53.523776Z,0.52,134,no,c9d21d92-3c12-77e0-1475-62f094b098a3
KXNCAAFSPREAD-25NOV08INDPSU-IND13,2025-11-08T17:46:53.523776Z,0.52,2,no,b5d441df-3036-7875-1700-87044cea28ab
KXNCAAFSPREAD-25NOV08INDPSU-IND13,2025-11-08T17:46:53.523776Z,0.4,128,no,85c76421-091d-7672-110a-575ce43abf28
KXNCAAFSPREAD-25NOV08INDPSU-IND13,2025-11-08T17:44:47.267901Z,0.59,2,yes,54465a1f-194b-4786-1f24-46a7c26ddb42
KXNCAAFSPREAD-25NOV08INDPSU-IND13,2025-11-08T17:41:07.589033Z,0.6,3,yes,5a3bd228-0976-6193-90ec-ce13a6d26573
KXNCAAFSPREAD-25NOV08INDPSU-IND13,2025-11-08T17:39:35.32486Z,0.52,34,yes,cce99085-aab0-614b-875d-268fbd156716
KXNCAAFSPREAD-25NOV08INDPSU-IND13,2025-11-08T17:39:35.32486Z,0.53,57,yes,29c88609-4b74-6eff-a25e-636b51e048c2
KXNCAAFSPREAD-25NOV08INDPSU-IND13,2025-11-08T17:39:00.565114Z,0.53,91,yes,1e9403ad-87d4-6a57-dd3c-fb52d02d8382
KXNCAAFSPREAD-25NOV08INDPSU-IND13,2025-11-08T17:38:13.060208Z,0.46,89,no,df1468f3-0958-71fe-104a-7c1edef116b1
KXNCAAFSPREAD-25NOV08INDPSU-IND13,2025-11-08T17:38:11.998398Z,0.55,863,yes,94cc143f-a748-4d84-ce45-9e9a270004d4
KXNCAAFSPREAD-25NOV08INDPSU-IND13,2025-11-08T17:37:17.370599Z,0.53,365,yes,8a7b3c7e-ffde-5df4-a291-cdffaa776d63
KXNCAAFSPREAD-25NOV08INDPSU-IND13,2025-11-08T17:36:32.220011Z,0.44,34,no,11c1bb8d-f9f5-547d-e968-b2c1d6958840
KXNCAAFSPREAD-25NOV08INDPSU-IND13,2025-11-08T17:36:14.359374Z,0.52,16,yes,542f1c0d-87f9-6aae-97e0-315e4faf655a
KXNCAAFSPREAD-25NOV08INDPSU-IND13,2025-11-08T17:35:03.928124Z,0.49,193,yes,e0c5dd38-9c4e-42f5-3ccb-ad18af5b9b6a
KXNCAAFSPREAD-25NOV08INDPSU-IND13,2025-11-08T17:30:17.00992Z,0.43,2,no,fca40772-9b0f-4d93-a5fd-a3a98fc1ce48
KXNCAAFSPREAD-25NOV08INDPSU-IND13,2025-11-08T17:28:21.646066Z,0.46,8,no,7a99d076-fe94-7e70-8180-406562fc169d
KXNCAAFSPREAD-25NOV08INDPSU-IND13,2025-11-08T17:28:08.387408Z,0.54,89,yes,04fee862-567e-4f95-8983-ad2d25f67313
KXNCAAFSPREAD-25NOV08INDPSU-IND13,2025-11-08T17:27:38.977794Z,0.55,114,yes,f3b44ee9-cfb5-528b-2851-83533f4c2f0e
KXNCAAFSPREAD-25NOV08INDPSU-IND13,2025-11-08T17:27:30.226334Z,0.56,148,yes,1ea68c74-a541-5872-1221-083152bfe41d
KXNCAAFSPREAD-25NOV08INDPSU-IND13,2025-11-08T17:26:57.792529Z,0.54,20,no,5f243679-2cbd-774f-a93d-212dbba31f17
KXNCAAFSPREAD-25NOV08INDPSU-IND13,2025-11-08T17:26:06.208336Z,0.53,21,yes,4b2f1175-6e3a-693b-88c5-e43303fe7d25
KXNCAAFSPREAD-25NOV08INDPSU-IND13,2025-11-08T17:24:33.548556Z,0.53,63,yes,d4047cdf-4b98-4bcc-d7f2-0f5930b463fd
KXNCAAFSPREAD-25NOV08INDPSU-IND13,2025-11-08T17:24:27.217363Z,0.52,930,yes,4c54165a-836b-71e8-5a40-bac762e7e540
KXNCAAFSPREAD-25NOV08INDPSU-IND13,2025-11-08T17:23:09.593571Z,0.49,2,yes,ec244d5a-56d7-74c0-3390-444b859568b0
KXNCAAFSPREAD-25NOV08INDPSU-IND13,2025-11-08T17:23:09.593571Z,0.51,187,yes,6260b907-ffb2-747e-0309-d4671f6193bd
KXNCAAFSPREAD-25NOV08INDPSU-IND13,2025-11-08T17:17:12.60167Z,0.49,98,yes,d88ed888-6294-5d0a-dab6-1fcd0cf2c8af
KXNCAAFSPREAD-25NOV08INDPSU-IND13,2025-11-08T17:16:39.580597Z,0.5,193,yes,d74b97d1-1621-6b2f-fcef-553bbf72a096
KXNCAAFSPREAD-25NOV08INDPSU-IND13,2025-11-08T17:16:35.867128Z,0.5,193,yes,71766141-743c-5524-12ae-5cbf10498c1b
KXNCAAFSPREAD-25NOV08INDPSU-IND13,2025-11-08T17:13:57.496872Z,0.2,4,no,e9e501ac-1f7d-7316-9ec3-193e994be6e8
KXNCAAFSPREAD-25NOV08INDPSU-IND13,2025-11-08T17:13:57.496872Z,0.53,2,no,d6e423d8-8d5e-734a-9b6b-b7186962eb0b
KXNCAAFSPREAD-25NOV08INDPSU-IND13,2025-11-08T17:12:45.63677Z,0.57,340,yes,0f1d088a-5ce7-4cc4-27b2-2551bbb41e57
KXNCAAFSPREAD-25NOV08INDPSU-IND13,2025-11-08T17:12:41.449402Z,0.57,3,yes,d5a21f5f-c9ab-69ac-50a6-7557fdcf3d73
KXNCAAFSPREAD-25NOV08INDPSU-IND13,2025-11-08T17:12:22.964257Z,0.56,795,no,65818104-5398-7649-62c0-ce778b333044
KXNCAAFSPREAD-25NOV08INDPSU-IND13,2025-11-08T17:12:22.457008Z,0.56,3,no,98af7f2c-52a0-641d-c7af-c86021283b38
KXNCAAFSPREAD-25NOV08INDPSU-IND13,2025-11-08T17:12:21.022467Z,0.56,2,no,58cb269a-4490-67dd-0628-729bf4e405f4
KXNCAAFSPREAD-25NOV08INDPSU-IND13,2025-11-08T17:12:19.226392Z,0.59,123,yes,3693ed5e-daac-7153-c9d9-762cd3ea2692
KXNCAAFSPREAD-25NOV08INDPSU-IND13,2025-11-08T17:11:47.486505Z,0.57,71,no,96b7c696-fc08-52a3-9fc1-5743ce32cf7b
KXNCAAFSPREAD-25NOV08INDPSU-IND13,2025-11-08T17:11:47.486505Z,0.57,1761,no,7e7c896b-2a51-5bcf-ac4b-802922b4869c
KXNCAAFSPREAD-25NOV08INDPSU-IND13,2025-11-08T17:11:46.203357Z,0.57,556,no,aa5376fc-5b35-6fc3-d5f0-32978d824758
KXNCAAFSPREAD-25NOV08INDPSU-IND13,2025-11-08T17:11:25.489517Z,0.57,1348,no,f9a7238c-4ad9-7677-f784-7f67736c2ba0
KXNCAAFSPREAD-25NOV08INDPSU-IND13,2025-11-08T17:11:05.440762Z,0.57,1335,no,7c68452b-2a9d-4b47-716d-581c9b91c668
KXNCAAFSPREAD-25NOV08INDPSU-IND13,2025-11-08T17:10:53.713966Z,0.57,2000,yes,2e43a1c9-d581-7204-18cf-562ef0a9cfb8
KXNCAAFSPREAD-25NOV08INDPSU-IND13,2025-11-08T17:10:31.887933Z,0.58,165,yes,b63294d6-aae5-5e35-2e94-86143480c76e
KXNCAAFSPREAD-25NOV08INDPSU-IND13,2025-11-08T17:10:31.887933Z,0.57,2,yes,1d9fd932-b8f8-50ce-0849-8b49f73d2dc3
KXNCAAFSPREAD-25NOV08INDPSU-IND13,2025-11-08T17:10:25.425641Z,0.58,167,yes,9d49e770-3d59-7701-0c21-38c4ec3e7d72
KXNCAAFSPREAD-25NOV08INDPSU-IND13,2025-11-08T17:09:57.500532Z,0.52,100,no,73f28819-4c4c-75ee-d69e-15ac19b6ad1b
KXNCAAFSPREAD-25NOV08INDPSU-IND13,2025-11-08T17:09:57.03588Z,0.57,212,yes,0d023770-c946-6d40-a56a-441ed1c7a174
KXNCAAFSPREAD-25NOV08INDPSU-IND13,2025-11-08T17:09:31.887011Z,0.57,1,yes,d24a72f8-587e-7c50-8064-a80be7ab5f98
KXNCAAFSPREAD-25NOV08INDPSU-IND13,2025-11-08T17:09:21.57015Z,0.57,48,yes,945e27ef-d1f2-5744-c86a-e8a1338cff54
KXNCAAFSPREAD-25NOV08INDPSU-IND13,2025-11-08T17:07:02.4116Z,0.51,19,no,f7bb0116-911c-4bd9-d0b2-dfffb62ca732
KXNCAAFSPREAD-25NOV08INDPSU-IND13,2025-11-08T17:07:02.4116Z,0.35,238,no,abee021c-bc1d-4e56-db0c-64050a570c4c
KXNCAAFSPREAD-25NOV08INDPSU-IND13,2025-11-08T17:07:02.4116Z,0.5,1000,no,367cbcfa-3306-4fbb-cb06-39197a641596
KXNCAAFSPREAD-25NOV08INDPSU-IND13,2025-11-08T17:05:45.00806Z,0.59,70,yes,a052c3e7-f1c7-76f1-09bf-b7bb7b85adcf
KXNCAAFSPREAD-25NOV08INDPSU-IND13,2025-11-08T17:05:39.145774Z,0.51,49,no,93aa4350-0475-7cd1-64b1-fc5fff392701
KXNCAAFSPREAD-25NOV08INDPSU-IND13,2025-11-08T17:04:06.034461Z,0.59,78,yes,b1761ec7-c292-5ecf-f448-a86d9b9b3dc2
KXNCAAFSPREAD-25NOV08INDPSU-IND13,2025-11-08T17:04:06.034461Z,0.59,12,yes,432bfc32-70fe-5277-effe-2d866e2ed5f7
KXNCAAFSPREAD-25NOV08INDPSU-IND13,2025-11-08T17:03:52.05706Z,0.59,82,yes,b869e2fa-cb7a-7bd3-dc52-11f2a5628c9a
KXNCAAFSPREAD-25NOV08INDPSU-IND13,2025-11-08T17:03:26.298951Z,0.5,59,no,b833c374-329f-724d-c4db-a8541e2d42ea
KXNCAAFSPREAD-25NOV08INDPSU-IND13,2025-11-08T17:02:05.690682Z,0.59,160,yes,7d258f63-9fe8-65e3-46ca-59457ce01fe2
KXNCAAFSPREAD-25NOV08INDPSU-IND13,2025-11-08T17:01:33.253055Z,0.5,21,no,e7a8cc65-c035-4752-4b1d-1c134cd9c88d
KXNCAAFSPREAD-25NOV08INDPSU-IND13,2025-11-08T17:01:33.253055Z,0.51,21,no,a55bef5a-ba47-4636-442e-89dcb3ed4a99
KXNCAAFSPREAD-25NOV08INDPSU-IND13,2025-11-08T17:01:33.253055Z,0.5,151,no,3fc93a7a-0e53-46a9-7fe0-59b8562550ce
KXNCAAFSPREAD-25NOV08INDPSU-IND13,2025-11-08T17:01:07.583613Z,0.63,21,yes,cadb6e43-6019-62a4-e089-22027bb8d06f
KXNCAAFSPREAD-25NOV08INDPSU-IND13,2025-11-08T17:01:07.583613Z,0.55,2,yes,1192f331-d447-6af5-e63f-ff34a4d3058b
KXNCAAFSPREAD-25NOV08INDPSU-IND13,2025-11-08T17:00:32.090478Z,0.53,40,yes,ae2fad06-f5d8-70c9-fd87-0187a4825656
KXNCAAFSPREAD-25NOV08INDPSU-IND13,2025-11-08T17:00:30.549235Z,0.5,10,no,656cbcc6-f15a-4acb-7438-b521781d573a
KXNCAAFSPREAD-25NOV08INDPSU-IND13,2025-11-08T17:00:15.915638Z,0.5,48,no,23760f8b-5b6e-566b-b0e4-4232bd616e62
KXNCAAFSPREAD-25NOV08INDPSU-IND13,2025-11-08T17:00:13.477135Z,0.53,183,yes,aa84dc22-4480-4e05-68a4-a00f145ec46e
KXNCAAFSPREAD-25NOV08INDPSU-IND13,2025-11-08T17:00:09.084866Z,0.53,182,yes,e4252ebb-4e2c-7ec1-7662-35551514a506
KXNCAAFSPREAD-25NOV08INDPSU-IND13,2025-11-08T17:00:04.010531Z,0.53,2673,yes,ef9cf786-4f3c-7ca5-b4a7-3041d4691222
KXNCAAFSPREAD-25NOV08INDPSU-IND13,2025-11-08T17:00:04.010531Z,0.52,21,yes,90f73415-ce94-7802-b4c8-bb724110075b
KXNCAAFSPREAD-25NOV08INDPSU-IND13,2025-11-08T17:00:04.010531Z,0.52,47,yes,8ffeeb02-c9e7-7573-a4ff-4738b424b72d
KXNCAAFSPREAD-25NOV08INDPSU-IND13,2025-11-08T16:59:54.664364Z,0.51,277,no,9e11da18-f5fa-4297-1e97-bfadb10f4578
KXNCAAFSPREAD-25NOV08INDPSU-IND13,2025-11-08T16:59:54.664364Z,0.51,265,no,8769e27f-3dac-47a5-3505-95f0ab67d8f8
KXNCAAFSPREAD-25NOV08INDPSU-IND13,2025-11-08T16:59:54.664364Z,0.5,4299,no,6316bb50-b9be-44e7-0d0b-64883dc8652a
KXNCAAFSPREAD-25NOV08INDPSU-IND13,2025-11-08T16:59:49.143047Z,0.53,9,yes,7974bfc7-e964-43b9-b30f-f04751638ef2
KXNCAAFSPREAD-25NOV08INDPSU-IND13,2025-11-08T16:59:36.083558Z,0.53,18,yes,2ade5b17-3a20-4da5-2b81-d23cf26573fe
KXNCAAFSPREAD-25NOV08INDPSU-IND13,2025-11-08T16:59:31.50733Z,0.53,40,yes,694e2228-59d8-44fd-2d2d-7a69af7797ea
KXNCAAFSPREAD-25NOV08INDPSU-IND13,2025-11-08T16:59:31.483221Z,0.53,18,yes,0e197c21-3610-7425-88b1-e63fa3258e92
KXNCAAFSPREAD-25NOV08INDPSU-IND13,2025-11-08T16:59:15.452104Z,0.53,184,yes,ed20648a-eb60-4c51-8c23-7aa9e6bd2a36
KXNCAAFSPREAD-25NOV08INDPSU-IND13,2025-11-08T16:59:13.565502Z,0.52,7,yes,247d22da-af9a-559d-e13f-a475aa530c29
KXNCAAFSPREAD-25NOV08INDPSU-IND13,2025-11-08T16:58:57.706478Z,0.52,66,yes,4390253a-89dd-7532-198f-230f0df0821e
KXNCAAFSPREAD-25NOV08INDPSU-IND13,2025-11-08T16:58:51.360544Z,0.51,35,no,c2b57ad2-b300-4c9d-90ce-55f069159f24
KXNCAAFSPREAD-25NOV08INDPSU-IND13,2025-11-08T16:58:49.757543Z,0.52,24,yes,2c9e3a20-2be5-638a-13f7-ac18ec1ac9b2
KXNCAAFSPREAD-25NOV08INDPSU-IND13,2025-11-08T16:58:32.008476Z,0.52,46,yes,5f65ba2c-fbfb-40bf-d709-4f575790b125
KXNCAAFSPREAD-25NOV08INDPSU-IND13,2025-11-08T16:58:20.8392Z,0.52,201,yes,e826d363-91c5-51e4-26e7-c1c2891a143b
KXNCAAFSPREAD-25NOV08INDPSU-IND13,2025-11-08T16:58:20.8392Z,0.52,3,yes,e11368e1-07a3-5dd3-0975-50b968d38645
KXNCAAFSPREAD-25NOV08INDPSU-IND13,2025-11-08T16:57:57.311645Z,0.5,57,no,6d1171b2-52be-4753-66fe-88c8dfab4348
KXNCAAFSPREAD-25NOV08INDPSU-IND13,2025-11-08T16:57:55.87815Z,0.5,38,no,23645eff-98f6-6c1f-8dfb-ac769f1e633c
KXNCAAFSPREAD-25NOV08INDPSU-IND13,2025-11-08T16:57:52.404878Z,0.5,38,no,dd9694fd-deb6-55f7-494d-ae28cdd46f38
KXNCAAFSPREAD-25NOV08INDPSU-IND13,2025-11-08T16:57:25.659319Z,0.52,9,yes,8c765595-6469-593c-10dd-960f15977cab
KXNCAAFSPREAD-25NOV08INDPSU-IND13,2025-11-08T16:57:15.008952Z,0.52,186,yes,18c73876-5261-4ad0-7a32-41764d6f2feb
KXNCAAFSPREAD-25NOV08INDPSU-IND13,2025-11-08T16:57:13.145774Z,0.52,18,yes,59e3b924-b4c5-54c8-755b-8009f1d7c94b
KXNCAAFSPREAD-25NOV08INDPSU-IND13,2025-11-08T16:57:12.15559Z,0.52,46,yes,e4de768f-c64d-6f24-b545-ee7d9fcf5de3
KXNCAAFSPREAD-25NOV08INDPSU-IND13,2025-11-08T16:57:09.654124Z,0.52,37,yes,15d0aa27-e2e1-547c-a71e-083ac3b88863
KXNCAAFSPREAD-25NOV08INDPSU-IND13,2025-11-08T16:55:57.901044Z,0.52,46,yes,19d0cab1-d209-68dc-021a-d167b82c5553
KXNCAAFSPREAD-25NOV08INDPSU-IND13,2025-11-08T16:55:57.607958Z,0.52,46,yes,90f05d89-4c45-70b4-563d-7eb7ec4219ef
KXNCAAFSPREAD-25NOV08INDPSU-IND13,2025-11-08T16:55:35.602802Z,0.52,74,yes,17e58e26-3b35-7744-f17e-5ea4f1389e33
KXNCAAFSPREAD-25NOV08INDPSU-IND13,2025-11-08T16:55:23.300297Z,0.52,18,yes,357d61be-41d5-5c50-0a7f-79c7ce942f97
KXNCAAFSPREAD-25NOV08INDPSU-IND13,2025-11-08T16:55:19.828388Z,0.52,93,yes,46307c33-06ed-7c60-f30b-466dcc20ab3b
KXNCAAFSPREAD-25NOV08INDPSU-IND13,2025-11-08T16:55:17.621508Z,0.49,19,no,9ef4e57d-6812-6655-df6f-616e3b2ae68d
KXNCAAFSPREAD-25NOV08INDPSU-IND13,2025-11-08T16:55:13.326759Z,0.52,37,yes,6bbc260e-50b5-6854-3e24-538a32267127
KXNCAAFSPREAD-25NOV08INDPSU-IND13,2025-11-08T16:54:57.275662Z,0.52,1674,yes,b90d87c0-f4b1-5888-a16c-17081f1a6557
KXNCAAFSPREAD-25NOV08INDPSU-IND13,2025-11-08T16:54:29.010014Z,0.52,193,yes,728f8990-91f9-7294-92d7-45de1fb6f933
KXNCAAFSPREAD-25NOV08INDPSU-IND13,2025-11-08T16:54:21.623317Z,0.5,19,no,abfaf9fe-23b5-5e55-a6c6-b0814dcf1124
KXNCAAFSPREAD-25NOV08INDPSU-IND13,2025-11-08T16:54:01.283319Z,0.52,35,yes,033ede49-2d81-5064-c0b5-e769691fefa3
KXNCAAFSPREAD-25NOV08INDPSU-IND13,2025-11-08T16:53:35.581039Z,0.52,824,yes,26772c9f-1c4d-4830-350f-17ffd266ead7
KXNCAAFSPREAD-25NOV08INDPSU-IND13,2025-11-08T16:52:54.792718Z,0.52,1860,yes,d169212b-8781-7fd8-7175-e9a9f70618cb
KXNCAAFSPREAD-25NOV08INDPSU-IND13,2025-11-08T16:52:36.206688Z,0.52,26,yes,e9318cd0-d885-47b4-f40f-83c3e7330807
KXNCAAFSPREAD-25NOV08INDPSU-IND13,2025-11-08T16:52:30.020541Z,0.52,93,yes,914e4a62-ddb1-5240-07c6-c872cf94863b
KXNCAAFSPREAD-25NOV08INDPSU-IND13,2025-11-08T16:51:36.669642Z,0.52,53,yes,438bc6ac-e7f1-6e90-9391-8492ab87fecf
KXNCAAFSPREAD-25NOV08INDPSU-IND13,2025-11-08T16:51:31.360148Z,0.52,5,yes,445f504c-29d5-4abc-46b2-4624acd3a2fb
KXNCAAFSPREAD-25NOV08INDPSU-IND13,2025-11-08T16:51:27.920685Z,0.49,1,no,ef94130e-87f2-6a55-56d5-39cdde13ddd1
KXNCAAFSPREAD-25NOV08INDPSU-IND13,2025-11-08T16:51:26.801314Z,0.52,130,yes,64a7d5ba-01bd-5fb4-ebbd-90375f1368a7
KXNCAAFSPREAD-25NOV08INDPSU-IND13,2025-11-08T16:51:18.456549Z,0.52,93,yes,3f20e38e-2a19-4104-229d-a8b659a0e3cf
KXNCAAFSPREAD-25NOV08INDPSU-IND13,2025-11-08T16:51:16.403883Z,0.52,93,yes,eac884d1-5609-4bd0-c7bf-fb9fc2b73d47
KXNCAAFSPREAD-25NOV08INDPSU-IND13,2025-11-08T16:51:03.277613Z,0.52,18,yes,98bd501f-d719-77d4-1790-78615c798a27
KXNCAAFSPREAD-25NOV08INDPSU-IND13,2025-11-08T16:50:59.440867Z,0.52,111,yes,99e2c1fd-9ad1-71c0-6dc6-1e14f4721f73
KXNCAAFSPREAD-25NOV08INDPSU-IND13,2025-11-08T16:50:56.710303Z,0.52,18,yes,57a7ff1b-4985-5cd0-2e3e-2acd16daa1ef
KXNCAAFSPREAD-25NOV08INDPSU-IND13,2025-11-08T16:50:55.821575Z,0.52,68,yes,931ec379-8b21-6518-edce-e00545ebc8ef
KXNCAAFSPREAD-25NOV08INDPSU-IND13,2025-11-08T16:50:33.628343Z,0.52,4,yes,6dfd708f-2ac5-470c-189e-dade7001e38f
KXNCAAFSPREAD-25NOV08INDPSU-IND13,2025-11-08T16:50:27.48581Z,0.52,316,yes,db73e5d7-7279-4150-3845-52884bf27a27
KXNCAAFSPREAD-25NOV08INDPSU-IND13,2025-11-08T16:50:27.48581Z,0.51,40,yes,10724756-9813-4795-1396-128ca1636f55
KXNCAAFSPREAD-25NOV08INDPSU-IND13,2025-11-08T16:49:44.582673Z,0.52,37,yes,7f1348b9-a8bd-7418-df15-9b6392e3f69b
KXNCAAFSPREAD-25NOV08INDPSU-IND13,2025-11-08T16:49:14.055432Z,0.52,18,yes,fd1e349b-d315-5544-dcc1-0c1450f2f183
KXNCAAFSPREAD-25NOV08INDPSU-IND13,2025-11-08T16:49:11.117335Z,0.52,186,yes,bec995d2-b455-4f50-3569-d1124278e52f
KXNCAAFSPREAD-25NOV08INDPSU-IND13,2025-11-08T16:48:44.619574Z,0.52,37,yes,44bcc324-8ea9-479c-6e36-5dc9e9cc9fb7
KXNCAAFSPREAD-25NOV08INDPSU-IND13,2025-11-08T16:48:23.516755Z,0.52,46,yes,2ba88995-4ec1-652c-afb3-3a4cc0ce962b
KXNCAAFSPREAD-25NOV08INDPSU-IND13,2025-11-08T16:48:23.038457Z,0.52,20,yes,6e6b2699-461d-538c-1174-517a716b64a3
KXNCAAFSPREAD-25NOV08INDPSU-IND13,2025-11-08T16:48:10.988518Z,0.52,9,yes,539c8ca4-117d-4db8-33d7-cb883b2ce0af
KXNCAAFSPREAD-25NOV08INDPSU-IND13,2025-11-08T16:47:42.211384Z,0.52,93,yes,3909e09a-78a5-5a14-b657-323d1ec2069f
KXNCAAFSPREAD-25NOV08INDPSU-IND13,2025-11-08T16:47:38.514009Z,0.52,558,yes,357e54d0-8bd5-5818-bce2-2830bb0567ab
KXNCAAFSPREAD-25NOV08INDPSU-IND13,2025-11-08T16:47:35.812948Z,0.51,28,yes,39589535-108d-6c01-dd9a-77ec1ec93f8b
KXNCAAFSPREAD-25NOV08INDPSU-IND13,2025-11-08T16:47:25.659532Z,0.51,9,yes,0a8c795e-3ad9-41f9-ef78-fdf004d1d077
KXNCAAFSPREAD-25NOV08INDPSU-IND13,2025-11-08T16:47:22.75906Z,0.51,9,yes,f13be4f6-d9b5-75a1-dff9-9701695bea27
KXNCAAFSPREAD-25NOV08INDPSU-IND13,2025-11-08T16:47:22.180604Z,0.51,18,yes,e37aab1d-f451-42f5-a3d1-5ec50b34ac6b
KXNCAAFSPREAD-25NOV08INDPSU-IND13,2025-11-08T16:46:41.178853Z,0.51,18,yes,6ab393e8-88cd-6d4d-8a9c-f8feda2a3c44
KXNCAAFSPREAD-25NOV08INDPSU-IND13,2025-11-08T16:46:32.100688Z,0.51,37,yes,77ddbd51-af91-4745-43ca-efa1d37f0d78
KXNCAAFSPREAD-25NOV08INDPSU-IND13,2025-11-08T16:46:30.775594Z,0.52,1651,yes,cedeffed-6fe1-6fcc-03bc-b03d8bca2d4b
KXNCAAFSPREAD-25NOV08INDPSU-IND13,2025-11-08T16:46:30.775594Z,0.51,213,yes,2d944852-5505-6bbb-10d0-bfed980d02a3
KXNCAAFSPREAD-25NOV08INDPSU-IND13,2025-11-08T16:46:24.424458Z,0.52,93,yes,971fb3bb-49fd-7b58-649f-ca744ba118d7
KXNCAAFSPREAD-25NOV08INDPSU-IND13,2025-11-08T16:46:23.946751Z,0.52,18,yes,608bd3a2-259d-45e8-9e1e-87783f00c733
KXNCAAFSPREAD-25NOV08INDPSU-IND13,2025-11-08T16:46:23.431932Z,0.52,465,yes,a78934d6-6c89-43c8-27ac-15e5c0f0f4ef
KXNCAAFSPREAD-25NOV08INDPSU-IND13,2025-11-08T16:46:14.834649Z,0.49,307,no,facc9c61-0e4e-6c21-3c67-4ba473108b81
KXNCAAFSPREAD-25NOV08INDPSU-IND13,2025-11-08T16:46:14.834649Z,0.5,363,no,56ce3bac-7c13-601a-1b63-7dd03ffb6feb
KXNCAAFSPREAD-25NOV08INDPSU-IND13,2025-11-08T16:46:02.875152Z,0.51,9,yes,30de5d17-991d-77ff-4bdb-4c513978c9a7
KXNCAAFSPREAD-25NOV08INDPSU-IND13,2025-11-08T16:46:01.062768Z,0.5,15,no,bbce5d35-e09b-4c6e-361c-f77afa687dd7
KXNCAAFSPREAD-25NOV08INDPSU-IND13,2025-11-08T16:46:01.062768Z,0.5,100,no,9af27ec4-dd1b-4dce-1a9a-f7f8c53ab6bf
KXNCAAFSPREAD-25NOV08INDPSU-IND13,2025-11-08T16:45:02.228473Z,0.52,94,yes,b98dc6a8-8f99-60ec-3418-4ba93476db17
KXNCAAFSPREAD-25NOV08INDPSU-IND13,2025-11-08T16:44:52.093062Z,0.51,200,yes,e2a4af72-4ce9-6adc-5f74-434de7ecd6ef
KXNCAAFSPREAD-25NOV08INDPSU-IND13,2025-11-08T16:44:52.093062Z,0.51,19,yes,1bd14c05-f635-665c-61ed-7fb9abaad5fb
KXNCAAFSPREAD-25NOV08INDPSU-IND13,2025-11-08T16:44:52.093062Z,0.52,250,yes,0a476a88-b9ed-67c0-684f-40c32d32f773
KXNCAAFSPREAD-25NOV08INDPSU-IND13,2025-11-08T16:44:41.5754Z,0.5,963,no,e14cdf94-f0e6-413e-b933-005bc5738f9e
KXNCAAFSPREAD-25NOV08INDPSU-IND13,2025-11-08T16:44:41.5754Z,0.5,2,no,87b5a25f-7915-48da-b066-e58ca12a8e26
KXNCAAFSPREAD-25NOV08INDPSU-IND13,2025-11-08T16:43:27.759546Z,0.51,46,yes,78bf6b7d-49a8-4f5c-b145-415ac7a59fd6
KXNCAAFSPREAD-25NOV08INDPSU-IND13,2025-11-08T16:43:21.994997Z,0.51,9,yes,4bfae283-a71c-79fc-eb5f-68993c372b32
KXNCAAFSPREAD-25NOV08INDPSU-IND13,2025-11-08T16:43:15.60214Z,0.51,9,yes,161d4545-9108-50a0-0c72-600f25c6b9e6
KXNCAAFSPREAD-25NOV08INDPSU-IND13,2025-11-08T16:43:11.72177Z,0.51,37,yes,4c7fe2c1-165c-535c-934e-eae02b3e809e
KXNCAAFSPREAD-25NOV08INDPSU-IND13,2025-11-08T16:43:05.956854Z,0.52,122,yes,7ef24449-4256-40b0-1690-c249039bee22
KXNCAAFSPREAD-25NOV08INDPSU-IND13,2025-11-08T16:43:05.956854Z,0.51,160,yes,21e6285f-1533-43c6-22a4-ec44c4a0afe1
KXNCAAFSPREAD-25NOV08INDPSU-IND13,2025-11-08T16:42:38.241463Z,0.51,62,yes,963bbc61-c236-4164-e232-dea11eba473b
KXNCAAFSPREAD-25NOV08INDPSU-IND13,2025-11-08T16:42:28.863665Z,0.51,18,yes,1dec1c16-acde-5c6c-dd49-2f48f9b48847
KXNCAAFSPREAD-25NOV08INDPSU-IND13,2025-11-08T16:42:13.368358Z,0.52,46,yes,d033dd23-1d05-6ef8-657b-4cfc4f289b7e
KXNCAAFSPREAD-25NOV08INDPSU-IND13,2025-11-08T16:42:10.828903Z,0.52,120,yes,82459d33-a951-4774-382b-e3618eefce5a
KXNCAAFSPREAD-25NOV08INDPSU-IND13,2025-11-08T16:41:46.142803Z,0.51,1615,no,70feeeb4-dafe-56b5-d3d4-a7c4714b91eb
KXNCAAFSPREAD-25NOV08INDPSU-IND13,2025-11-08T16:41:46.142803Z,0.52,362,no,5bce44e7-b810-5e61-e0c3-d461cbf341ee
KXNCAAFSPREAD-25NOV08INDPSU-IND13,2025-11-08T16:41:35.988081Z,0.53,19,yes,985ef90c-8e1c-6391-d024-34e49c0139c2
KXNCAAFSPREAD-25NOV08INDPSU-IND13,2025-11-08T16:41:04.482522Z,0.53,93,yes,c6c8429a-7eb0-5829-b645-7004c59f5762
KXNCAAFSPREAD-25NOV08INDPSU-IND13,2025-11-08T16:40:42.045354Z,0.53,182,yes,536ba10d-2cc4-7465-1f19-9ee33235957e
KXNCAAFSPREAD-25NOV08INDPSU-IND13,2025-11-08T16:40:05.619127Z,0.54,179,yes,d857b781-ee5e-669a-4586-29506678cd94
KXNCAAFSPREAD-25NOV08INDPSU-IND13,2025-11-08T16:39:53.662873Z,0.54,21,yes,4fbad2be-3fce-4962-818d-8eb1668501dc
KXNCAAFSPREAD-25NOV08INDPSU-IND13,2025-11-08T16:38:31.329945Z,0.54,12,yes,13d0ac16-0d86-7fd6-d834-36c82ed8ced4
KXNCAAFSPREAD-25NOV08INDPSU-IND13,2025-11-08T16:37:40.702701Z,0.54,2691,yes,9dcecd7f-e346-44ca-f1fa-48d1e3774ca0
KXNCAAFSPREAD-25NOV08INDPSU-IND13,2025-11-08T16:37:22.557497Z,0.54,34,yes,bd2b19d0-381e-581e-1206-a98937902da8
KXNCAAFSPREAD-25NOV08INDPSU-IND13,2025-11-08T16:37:16.930254Z,0.54,179,yes,c8910206-c4fe-5aca-c4b4-3c98ff26b9f8
KXNCAAFSPREAD-25NOV08INDPSU-IND13,2025-11-08T16:36:37.373547Z,0.54,179,yes,e70f54a8-55f6-5c1a-cd8f-f259c968c770
KXNCAAFSPREAD-25NOV08INDPSU-IND13,2025-11-08T16:35:55.511399Z,0.54,1072,yes,2aca4c9d-c7c2-7392-6c37-8b5ce64ce118
KXNCAAFSPREAD-25NOV08INDPSU-IND13,2025-11-08T16:35:14.97718Z,0.54,17,yes,601efced-bc36-572a-2c8c-f9e2d8790294
KXNCAAFSPREAD-25NOV08INDPSU-IND13,2025-11-08T16:34:32.563898Z,0.54,35,yes,0d06b4c3-c08a-4246-7032-183baf71fff0
KXNCAAFSPREAD-25NOV08INDPSU-IND13,2025-11-08T16:34:12.670382Z,0.54,44,yes,d385c8aa-4136-736e-23ca-84af89a7b6f4
KXNCAAFSPREAD-25NOV08INDPSU-IND13,2025-11-08T16:34:06.094658Z,0.52,20,no,910c2658-7e2d-5d1c-d860-4fda44d5db3d
KXNCAAFSPREAD-25NOV08INDPSU-IND13,2025-11-08T16:32:50.441341Z,0.54,35,yes,5a1cc6f7-505a-61ca-67c1-a944afcfc018
KXNCAAFSPREAD-25NOV08INDPSU-IND13,2025-11-08T16:32:36.600014Z,0.54,100,yes,259b52f8-49fa-6ede-3389-6b81b1169474
KXNCAAFSPREAD-25NOV08INDPSU-IND13,2025-11-08T16:32:34.154553Z,0.54,17,yes,a4554bbd-0806-4a26-8c01-6e1452381ca8
KXNCAAFSPREAD-25NOV08INDPSU-IND13,2025-11-08T16:31:45.665619Z,0.54,179,yes,b49e938f-806e-74f6-21d6-792d7d2ea38c
KXNCAAFSPREAD-25NOV08INDPSU-IND13,2025-11-08T16:28:33.205961Z,0.54,17,yes,ff0d1abd-7fb6-410a-64cb-c2231dcda348
KXNCAAFSPREAD-25NOV08INDPSU-IND13,2025-11-08T16:28:05.849204Z,0.53,274,yes,a6e831a4-27a9-7a4e-8d8f-b436dc017284
KXNCAAFSPREAD-25NOV08INDPSU-IND13,2025-11-08T16:27:41.272269Z,0.53,182,yes,81aa2185-1929-792c-330d-22c79eae78d6
KXNCAAFSPREAD-25NOV08INDPSU-IND13,2025-11-08T16:27:36.990978Z,0.53,9,yes,6ac93e58-6e5d-6504-451c-a5937062313e
KXNCAAFSPREAD-25NOV08INDPSU-IND13,2025-11-08T16:27:36.990978Z,0.53,12,yes,698b79ba-6dea-670b-7e10-0dc40e4f6866
KXNCAAFSPREAD-25NOV08INDPSU-IND13,2025-11-08T16:26:57.767645Z,0.53,365,yes,f169fa9b-c203-6321-c13a-5dfc2ed82e38
KXNCAAFSPREAD-25NOV08INDPSU-IND13,2025-11-08T16:26:03.448744Z,0.53,18,yes,a6324e61-718b-6fc1-a19c-df5e9bdeb694
KXNCAAFSPREAD-25NOV08INDPSU-IND13,2025-11-08T16:25:46.981395Z,0.53,182,yes,1964a59e-44be-6bda-4b1f-5c9e07421ddb
KXNCAAFSPREAD-25NOV08INDPSU-IND13,2025-11-08T16:24:49.006888Z,0.53,45,yes,b8a19e29-9776-594a-02a2-5b3a55453a53
KXNCAAFSPREAD-25NOV08INDPSU-IND13,2025-11-08T16:24:17.421503Z,0.53,639,yes,a965caa8-16b6-7eae-3d1f-8ab03f82b2df
KXNCAAFSPREAD-25NOV08INDPSU-IND13,2025-11-08T16:23:12.472833Z,0.53,2283,yes,8b668771-4067-4e52-dcc9-fa223b8df316
KXNCAAFSPREAD-25NOV08INDPSU-IND13,2025-11-08T16:22:19.501411Z,0.53,45,yes,b103b464-5399-75fd-ea5a-77d1bc9ac82c
KXNCAAFSPREAD-25NOV08INDPSU-IND13,2025-11-08T16:22:14.32506Z,0.53,45,yes,b9232c5d-0e21-5ced-6078-603b4da9cf82
KXNCAAFSPREAD-25NOV08INDPSU-IND13,2025-11-08T16:20:31.978492Z,0.53,31,yes,86f7a91a-8f5b-4f3e-a6f8-f9578c7ed8f2
KXNCAAFSPREAD-25NOV08INDPSU-IND13,2025-11-08T16:20:31.913302Z,0.53,18,yes,bc43e84c-3063-5172-903d-bc51f0d38926
KXNCAAFSPREAD-25NOV08INDPSU-IND13,2025-11-08T16:20:24.429866Z,0.52,22,no,85ef51ec-83a9-51ec-f7bc-a50bb0c847b1
KXNCAAFSPREAD-25NOV08INDPSU-IND13,2025-11-08T16:19:44.975811Z,0.53,250,yes,6e9d5ab8-b0b1-4469-d9ca-cc77f39bca4a
KXNCAAFSPREAD-25NOV08INDPSU-IND13,2025-11-08T16:19:14.525146Z,0.53,4566,yes,53dda486-537e-6986-958e-949b94ce63ef
KXNCAAFSPREAD-25NOV08INDPSU-IND13,2025-11-08T16:19:09.041072Z,0.53,10,yes,564d2656-6462-54fe-3348-600a8580ac8f
KXNCAAFSPREAD-25NOV08INDPSU-IND13,2025-11-08T16:19:05.405667Z,0.53,274,yes,26ad4388-8322-64d6-3a8e-80a0dfd07f13
KXNCAAFSPREAD-25NOV08INDPSU-IND13,2025-11-08T16:19:01.653779Z,0.53,18,yes,b55192fe-eb16-5c02-65c5-90783a76615f
KXNCAAFSPREAD-25NOV08INDPSU-IND13,2025-11-08T16:18:52.602551Z,0.52,201,no,58a6609e-ff98-5bf8-7529-f51eac464869
KXNCAAFSPREAD-25NOV08INDPSU-IND13,2025-11-08T16:18:13.217893Z,0.52,22,no,747d700c-13e8-6508-c86f-b185b27a53bd
KXNCAAFSPREAD-25NOV08INDPSU-IND13,2025-11-08T16:18:03.940484Z,0.53,182,yes,1f8180fb-a17e-75ee-40af-7c1ed44609d3
KXNCAAFSPREAD-25NOV08INDPSU-IND13,2025-11-08T16:17:52.629601Z,0.53,9,yes,9e75a74c-e0be-7726-95a4-9e3ccc37f88b
KXNCAAFSPREAD-25NOV08INDPSU-IND13,2025-11-08T16:17:51.868667Z,0.52,20,no,e4c256a4-4e3c-5724-eb2d-7df7b3d669dd
KXNCAAFSPREAD-25NOV08INDPSU-IND13,2025-11-08T16:17:51.557608Z,0.53,27,yes,92dc0831-3a26-457e-58e1-c743a905c8d7
KXNCAAFSPREAD-25NOV08INDPSU-IND13,2025-11-08T16:17:34.717661Z,0.52,2,no,495eb473-25f5-632e-30fc-5c9299d899d5
KXNCAAFSPREAD-25NOV08INDPSU-IND13,2025-11-08T16:17:21.533548Z,0.53,182,yes,258471f5-816e-4c86-408e-bb60dc7fcb43
KXNCAAFSPREAD-25NOV08INDPSU-IND13,2025-11-08T16:17:10.534554Z,0.53,451,yes,04faeb6d-7f66-7e92-00d0-b3b6d39fdb23
KXNCAAFSPREAD-25NOV08INDPSU-IND13,2025-11-08T16:16:45.972296Z,0.53,913,yes,c0a4bd13-6192-51de-7194-838bec9efd3b
KXNCAAFSPREAD-25NOV08INDPSU-IND13,2025-11-08T16:16:33.377148Z,0.52,20,no,1be8117c-e7d1-4d26-0365-ea25bdda8009
KXNCAAFSPREAD-25NOV08INDPSU-IND13,2025-11-08T16:16:25.247183Z,0.53,125,yes,bcfba5ed-988a-52e2-09c3-de0e02594cbf
KXNCAAFSPREAD-25NOV08INDPSU-IND13,2025-11-08T16:16:20.298385Z,0.52,80,no,f1b3ba36-0c12-7e27-55e7-6d12f6e36da8
KXNCAAFSPREAD-25NOV08INDPSU-IND13,2025-11-08T16:16:20.298385Z,0.52,222,no,4d686cbc-71e1-70fa-4bd1-f945681d3cf9
KXNCAAFSPREAD-25NOV08INDPSU-IND13,2025-11-08T16:16:11.091688Z,0.53,117,yes,7b7ef73a-44da-7ed6-c1d8-b5492a6a35cf
KXNCAAFSPREAD-25NOV08INDPSU-IND13,2025-11-08T16:16:08.79937Z,0.53,9,yes,990f45bc-5e86-68b6-73d3-05ebb24d4bdb
KXNCAAFSPREAD-25NOV08INDPSU-IND13,2025-11-08T16:15:52.227467Z,0.52,20,no,412afa10-706e-5eaf-c568-a94e5001da58
KXNCAAFSPREAD-25NOV08INDPSU-IND13,2025-11-08T16:15:43.501506Z,0.53,110,yes,223ac530-3f92-574e-672d-122136b3e5f7
KXNCAAFSPREAD-25NOV08INDPSU-IND13,2025-11-08T16:14:45.484144Z,0.53,9,yes,0c6fdaf2-3e52-6b62-ccad-0e06c1f2c4ff
KXNCAAFSPREAD-25NOV08INDPSU-IND13,2025-11-08T16:14:42.07845Z,0.53,1,yes,e6d864d7-d45a-42a6-fba6-3168fb204eab
KXNCAAFSPREAD-25NOV08INDPSU-IND13,2025-11-08T16:14:34.79829Z,0.53,358,yes,3f797711-4de6-6296-9048-92bba3e9a2c7
KXNCAAFSPREAD-25NOV08INDPSU-IND13,2025-11-08T16:13:43.611328Z,0.53,20,yes,001175a0-c80e-66a2-3090-336d6049990b
KXNCAAFSPREAD-25NOV08INDPSU-IND13,2025-11-08T16:13:20.615543Z,0.53,55,yes,3e9757ff-1452-6226-44a5-0bd32d815f8b
KXNCAAFSPREAD-25NOV08INDPSU-IND13,2025-11-08T16:13:09.266126Z,0.53,105,yes,87f5691c-bc16-7772-941e-21f74f7f21db
KXNCAAFSPREAD-25NOV08INDPSU-IND13,2025-11-08T16:12:54.259998Z,0.53,40,yes,afbfaa10-5266-647a-1296-efb3077ab903
KXNCAAFSPREAD-25NOV08INDPSU-IND13,2025-11-08T16:12:49.204283Z,0.53,28,yes,64054223-106a-716e-4548-598b82043083
KXNCAAFSPREAD-25NOV08INDPSU-IND13,2025-11-08T16:12:18.373325Z,0.52,2010,no,ddda2f04-1696-4e4e-6b45-af31b16d5ae6
KXNCAAFSPREAD-25NOV08INDPSU-IND13,2025-11-08T16:10:26.017551Z,0.53,18,yes,791aa509-eb7a-48aa-7224-fc52b38c0edb
KXNCAAFSPREAD-25NOV08INDPSU-IND13,2025-11-08T16:08:41.184996Z,0.53,7,no,f0aa6357-36f1-6f00-8b4a-1bafa7c5ad64
KXNCAAFSPREAD-25NOV08INDPSU-IND13,2025-11-08T16:08:41.184996Z,0.53,198,no,e4d09259-04ac-6982-88a0-16077552f1eb
KXNCAAFSPREAD-25NOV08INDPSU-IND13,2025-11-08T16:08:23.706793Z,0.54,1,yes,ef03dbef-2afe-41a2-8409-d0b492a18460
KXNCAAFSPREAD-25NOV08INDPSU-IND13,2025-11-08T16:08:03.517927Z,0.54,89,yes,a1a41b53-e586-7052-b8d3-3d2832784a6c
KXNCAAFSPREAD-25NOV08INDPSU-IND13,2025-11-08T16:06:53.771287Z,0.54,179,yes,bdd27242-aaee-6bf2-fe23-38f808c3d1f8
KXNCAAFSPREAD-25NOV08INDPSU-IND13,2025-11-08T16:05:58.088549Z,0.54,89,yes,93b82bc0-f29a-7706-b4a6-aa03946b43fc
KXNCAAFSPREAD-25NOV08INDPSU-IND13,2025-11-08T16:02:34.627825Z,0.54,8,yes,b6ff0ade-ac56-703e-dfdf-36666bac64a8
KXNCAAFSPREAD-25NOV08INDPSU-IND13,2025-11-08T16:02:08.254514Z,0.53,2,no,2cf9e2fa-2df4-507e-311b-e2f275f5c247
KXNCAAFSPREAD-25NOV08INDPSU-IND13,2025-11-08T16:01:13.980148Z,0.54,17,yes,f8f9ffb3-35e6-75be-4aa9-26a215746460
KXNCAAFSPREAD-25NOV08INDPSU-IND13,2025-11-08T15:59:31.906115Z,0.54,50,yes,984f6f2e-69ba-71bb-2bb9-76c946c470fd
KXNCAAFSPREAD-25NOV08INDPSU-IND13,2025-11-08T15:53:28.033187Z,0.54,35,yes,2dc84134-bb1a-5c9f-ca84-d2b95db56785
KXNCAAFSPREAD-25NOV08INDPSU-IND13,2025-11-08T15:50:36.659533Z,0.54,179,yes,466f43cb-026a-7ea7-9792-bdae4339ba91
KXNCAAFSPREAD-25NOV08INDPSU-IND13,2025-11-08T15:50:29.324514Z,0.54,197,yes,abc21cc0-68c2-72a3-9c2b-79c7aa1db605
KXNCAAFSPREAD-25NOV08INDPSU-IND13,2025-11-08T15:50:09.019089Z,0.54,448,yes,705da0a1-fb9e-6940-fdd2-c3fd6b2d2e92
KXNCAAFSPREAD-25NOV08INDPSU-IND13,2025-11-08T15:49:19.924788Z,0.52,30,no,729d6b06-1580-75b8-843b-f2f5f62e791a
KXNCAAFSPREAD-25NOV08INDPSU-IND13,2025-11-08T15:48:14.528615Z,0.52,20,no,028b75b4-2244-5830-e419-33734eeeb416
KXNCAAFSPREAD-25NOV08INDPSU-IND13,2025-11-08T15:47:25.66052Z,0.54,97,yes,b6e01795-8bd6-73f0-3724-9a85eb0cafc6
KXNCAAFSPREAD-25NOV08INDPSU-IND13,2025-11-08T15:46:45.719277Z,0.54,313,yes,7b89a5dd-dac6-56a4-348c-fefcff44068e
KXNCAAFSPREAD-25NOV08INDPSU-IND13,2025-11-08T15:46:39.661302Z,0.52,18,no,f60c3e0f-e578-45c8-e7ed-32babec75b7e
KXNCAAFSPREAD-25NOV08INDPSU-IND13,2025-11-08T15:45:51.113185Z,0.55,141,yes,ac54b9c0-4a2e-4fed-3181-b996461bbf9d
KXNCAAFSPREAD-25NOV08INDPSU-IND13,2025-11-08T15:45:29.715925Z,0.55,264,yes,954adedb-c76e-7c95-b5ff-d0e6156af9d9
KXNCAAFSPREAD-25NOV08INDPSU-IND13,2025-11-08T15:44:45.099897Z,0.55,36,yes,17199380-e4e2-6f15-96a2-dc46273ed979
KXNCAAFSPREAD-25NOV08INDPSU-IND13,2025-11-08T15:44:20.236111Z,0.55,4,yes,5cce87e9-e792-51ad-57ca-3b1b33d6e761
KXNCAAFSPREAD-25NOV08INDPSU-IND13,2025-11-08T15:44:16.610895Z,0.55,8,yes,23806579-2a3e-7c8d-8631-9f954195480d
KXNCAAFSPREAD-25NOV08INDPSU-IND13,2025-11-08T15:44:16.573575Z,0.55,17,yes,0dd4941d-6f1e-7539-3422-d039397c35d1
KXNCAAFSPREAD-25NOV08INDPSU-IND13,2025-11-08T15:41:52.901668Z,0.54,100,no,68d8c388-74c8-72f7-34b8-fe9a2e2f553e
KXNCAAFSPREAD-25NOV08INDPSU-IND13,2025-11-08T15:41:52.901668Z,0.53,165,no,5d3459c4-f97f-74d5-36ba-f45af59b0cf3
KXNCAAFSPREAD-25NOV08INDPSU-IND13,2025-11-08T15:41:52.901668Z,0.52,2343,no,4d9e6744-290c-7ed0-3fd4-de9326b4c022
KXNCAAFSPREAD-25NOV08INDPSU-IND13,2025-11-08T15:41:52.901668Z,0.53,3500,no,2d504c46-0e69-796e-265f-5bae263f5476
KXNCAAFSPREAD-25NOV08INDPSU-IND13,2025-11-08T15:40:13.39652Z,0.55,177,yes,6f944683-434a-6a19-28a7-f84802ae7e79
KXNCAAFSPREAD-25NOV08INDPSU-IND13,2025-11-08T15:38:24.424018Z,0.55,169,yes,d86a8f2a-7bca-60e1-7085-7c736c489479
KXNCAAFSPREAD-25NOV08INDPSU-IND13,2025-11-08T15:37:54.537849Z,0.55,69,yes,90a1b7d1-4192-6bf5-c299-07402c406005
KXNCAAFSPREAD-25NOV08INDPSU-IND13,2025-11-08T15:37:19.843003Z,0.55,352,yes,52b6e603-8c7e-7179-86f7-806131fc4ccd
KXNCAAFSPREAD-25NOV08INDPSU-IND13,2025-11-08T15:36:59.52467Z,0.55,10,yes,c7ad311a-059e-4b5d-5f29-9aa6197136f1
KXNCAAFSPREAD-25NOV08INDPSU-IND13,2025-11-08T15:36:09.425153Z,0.55,176,yes,b63da849-0c96-47ed-ce1c-17f1124cc5dd
KXNCAAFSPREAD-25NOV08INDPSU-IND13,2025-11-08T15:35:17.299767Z,0.53,35,no,c97a524b-0cc3-6159-ddb6-2fc6d40c4583
KXNCAAFSPREAD-25NOV08INDPSU-IND13,2025-11-08T15:30:14.611079Z,0.53,51,no,7f673743-0ed5-4c40-1f06-8588898c9ef5
KXNCAAFSPREAD-25NOV08INDPSU-IND13,2025-11-08T15:29:24.546012Z,0.55,25,yes,6ee8c789-fb52-6ced-a914-df08aebfdddd
KXNCAAFSPREAD-25NOV08INDPSU-IND13,2025-11-08T15:25:50.848574Z,0.55,2,yes,ac74fcaf-1e66-451d-db3b-fa74aa491c4d
KXNCAAFSPREAD-25NOV08INDPSU-IND13,2025-11-08T15:24:03.746903Z,0.55,26,yes,967e4932-6d72-644d-b0a9-a521022680f1
KXNCAAFSPREAD-25NOV08INDPSU-IND13,2025-11-08T15:23:54.759349Z,0.55,88,yes,2c1696d4-1596-7169-b09a-11d603c5b7a1
KXNCAAFSPREAD-25NOV08INDPSU-IND13,2025-11-08T15:22:59.943173Z,0.55,35,yes,4cad0e85-a622-577d-23a0-c75ae10bb961
KXNCAAFSPREAD-25NOV08INDPSU-IND13,2025-11-08T15:21:09.360311Z,0.55,200,yes,0b34b62a-caee-4029-0afb-d9921779226d
KXNCAAFSPREAD-25NOV08INDPSU-IND13,2025-11-08T15:17:36.042192Z,0.55,8,yes,bd24a281-55c6-4599-922e-9887d3368329
KXNCAAFSPREAD-25NOV08INDPSU-IND13,2025-11-08T15:17:30.320605Z,0.55,35,yes,f3a95d98-efc2-7b61-6147-21fa072d3f55
KXNCAAFSPREAD-25NOV08INDPSU-IND13,2025-11-08T15:16:16.103048Z,0.55,264,yes,5e8cc9ff-3082-54ed-3765-343e3ecb009d
KXNCAAFSPREAD-25NOV08INDPSU-IND13,2025-11-08T15:14:36.745556Z,0.55,176,yes,7e2c92e7-7a82-740d-3d64-ee5c5896968d
KXNCAAFSPREAD-25NOV08INDPSU-IND13,2025-11-08T15:07:59.523934Z,0.55,2,yes,276a4669-40b2-5135-de3b-abcb6db3f14d
KXNCAAFSPREAD-25NOV08INDPSU-IND13,2025-11-08T15:03:27.694826Z,0.55,44,yes,8ce60e67-1e96-624d-3379-b773680ec689
KXNCAAFSPREAD-25NOV08INDPSU-IND13,2025-11-08T15:02:23.022007Z,0.55,1,yes,d6e1d444-fb42-42bd-0c1f-fd18db1bc259
KXNCAAFSPREAD-25NOV08INDPSU-IND13,2025-11-08T15:00:34.031283Z,0.55,60,yes,809bf6a6-6f92-7b05-c762-623a5295de25
KXNCAAFSPREAD-25NOV08INDPSU-IND13,2025-11-08T14:59:39.822338Z,0.55,8,yes,4d2b12c2-283a-5da9-26ac-2789ccdd05f1
KXNCAAFSPREAD-25NOV08INDPSU-IND13,2025-11-08T14:57:42.321225Z,0.55,44,yes,9870b4aa-2146-7c7d-a2a2-f6fcd366edc1
KXNCAAFSPREAD-25NOV08INDPSU-IND13,2025-11-08T14:57:23.724461Z,0.55,44,yes,1c791312-4242-6629-4613-f1c6e6f7d189
KXNCAAFSPREAD-25NOV08INDPSU-IND13,2025-11-08T14:55:19.512902Z,0.55,40,yes,d7ddea4a-36d6-6241-90ae-6f465ca3fac1
KXNCAAFSPREAD-25NOV08INDPSU-IND13,2025-11-08T14:55:07.849688Z,0.54,8,yes,d38035f2-7153-68a0-1f6d-2670f037edd6
KXNCAAFSPREAD-25NOV08INDPSU-IND13,2025-11-08T14:51:57.08478Z,0.55,70,yes,2c04d296-f986-57f9-3a66-2a1323c4adfd
KXNCAAFSPREAD-25NOV08INDPSU-IND13,2025-11-08T14:50:43.738883Z,0.53,512,no,d671cd85-a8dd-468c-23f8-2fdb74fd44b5
KXNCAAFSPREAD-25NOV08INDPSU-IND13,2025-11-08T14:50:17.137889Z,0.55,8,yes,b3dd1387-cf36-59ed-755e-bcdf89ebcf31
KXNCAAFSPREAD-25NOV08INDPSU-IND13,2025-11-08T14:50:17.137889Z,0.54,10,yes,a3806d01-d1a1-5327-750e-9c5df36796f9
KXNCAAFSPREAD-25NOV08INDPSU-IND13,2025-11-08T14:50:13.480046Z,0.53,10,no,0b59d7c5-87d1-6480-6ae0-371a1deaa8fd
KXNCAAFSPREAD-25NOV08INDPSU-IND13,2025-11-08T14:43:16.469744Z,0.54,1794,yes,29c5c122-5d1c-4c21-8a55-cadd2908166d
KXNCAAFSPREAD-25NOV08INDPSU-IND13,2025-11-08T14:42:50.711968Z,0.54,7,yes,b3e37ec8-9334-7611-9efa-eac2fdad0b11
KXNCAAFSPREAD-25NOV08INDPSU-IND13,2025-11-08T14:41:51.091178Z,0.54,44,yes,cbd2af6b-db78-66fd-949e-1d8ccaef5a7d
KXNCAAFSPREAD-25NOV08INDPSU-IND13,2025-11-08T14:39:22.875674Z,0.54,235,yes,4f8e0da3-1750-7925-55a0-ec79347e0e95
KXNCAAFSPREAD-25NOV08INDPSU-IND13,2025-11-08T14:38:40.012441Z,0.54,8,yes,53250bac-3f84-7bb1-76e2-368c635c17ad
KXNCAAFSPREAD-25NOV08INDPSU-IND13,2025-11-08T14:35:53.768285Z,0.54,222,yes,69ffda26-94d8-5335-c92e-a11ad2dd3eb9
KXNCAAFSPREAD-25NOV08INDPSU-IND13,2025-11-08T14:33:25.406099Z,0.54,26,yes,9fe143a8-3cac-4ec9-fba4-7b1de86625cd
KXNCAAFSPREAD-25NOV08INDPSU-IND13,2025-11-08T14:31:20.686388Z,0.54,17,yes,2b3a2596-3bac-5409-5011-7b23afd0923d
KXNCAAFSPREAD-25NOV08INDPSU-IND13,2025-11-08T14:28:40.903607Z,0.54,80,yes,bc0910f5-0f3c-7a85-d1e5-b5757b0eb6f9
KXNCAAFSPREAD-25NOV08INDPSU-IND13,2025-11-08T14:20:13.098358Z,0.54,89,yes,ab4bd7cd-5fa0-5349-471a-afd48694d8d9
KXNCAAFSPREAD-25NOV08INDPSU-IND13,2025-11-08T14:19:53.479902Z,0.54,35,yes,e51bb1c8-a42c-44e1-a9ee-688394becef5
KXNCAAFSPREAD-25NOV08INDPSU-IND13,2025-11-08T14:16:55.306601Z,0.54,44,yes,7bbb5d61-4ea8-7511-be6f-08880eae12a1
KXNCAAFSPREAD-25NOV08INDPSU-IND13,2025-11-08T14:16:24.048883Z,0.54,12,yes,337173a6-87b4-7c19-6774-e0fc9a23abb5
KXNCAAFSPREAD-25NOV08INDPSU-IND13,2025-11-08T14:06:21.894447Z,0.54,179,yes,17d664a6-f0f0-7d6d-f85b-08e8cb5b2b31
KXNCAAFSPREAD-25NOV08INDPSU-IND13,2025-11-08T14:03:01.493282Z,0.54,14,yes,573eebb3-49cc-77cd-fda8-bd993914d9f9
KXNCAAFSPREAD-25NOV08INDPSU-IND13,2025-11-08T13:59:57.042654Z,0.54,572,yes,e6f5bb54-bc18-7c1d-e8e8-e6c13cd50091
KXNCAAFSPREAD-25NOV08INDPSU-IND13,2025-11-08T13:59:30.139806Z,0.54,62,yes,f5993e76-1b6c-422d-5db6-05ef059690f1
KXNCAAFSPREAD-25NOV08INDPSU-IND13,2025-11-08T13:59:09.845083Z,0.54,101,yes,a53e0798-7650-70e1-abc2-ac5b9e7d640d
KXNCAAFSPREAD-25NOV08INDPSU-IND13,2025-11-08T13:57:31.98651Z,0.54,89,yes,d0c98444-f660-77dd-83a9-bbced1696911
KXNCAAFSPREAD-25NOV08INDPSU-IND13,2025-11-08T13:55:20.829105Z,0.54,89,yes,f763f57c-b370-7f71-c2da-fd3fc6603c85
KXNCAAFSPREAD-25NOV08INDPSU-IND13,2025-11-08T13:54:50.134883Z,0.54,21,yes,70394eac-1978-5e7d-81e7-0f0c51312385
KXNCAAFSPREAD-25NOV08INDPSU-IND13,2025-11-08T13:42:14.980007Z,0.56,34,yes,cacd81a5-4d50-4e2a-1531-54a8e71b024b
KXNCAAFSPREAD-25NOV08INDPSU-IND13,2025-11-08T13:41:44.082841Z,0.55,132,yes,aa4daf58-4aab-66ae-5107-03e47ea5c683
KXNCAAFSPREAD-25NOV08INDPSU-IND13,2025-11-08T13:37:34.167605Z,0.55,48,yes,603cd2b6-4acb-45aa-100d-572e86ae08f7
KXNCAAFSPREAD-25NOV08INDPSU-IND13,2025-11-08T13:34:16.365981Z,0.53,512,no,4175267f-f2be-49cc-aa90-e4f0741e601c
KXNCAAFSPREAD-25NOV08INDPSU-IND13,2025-11-08T13:33:57.630061Z,0.56,50,yes,21da516d-3018-4cb6-fd7d-88acdd51c84f
KXNCAAFSPREAD-25NOV08INDPSU-IND13,2025-11-08T13:33:34.870982Z,0.53,86,no,09407483-e3fa-70d8-7a67-0a355033140c
KXNCAAFSPREAD-25NOV08INDPSU-IND13,2025-11-08T13:11:40.146454Z,0.56,450,yes,f33761cb-ddc3-7c8f-ebd4-199396e198fd
KXNCAAFSPREAD-25NOV08INDPSU-IND13,2025-11-08T13:11:34.869754Z,0.56,1,yes,97e91dbe-f2ef-68ef-f7c3-f5b83b866071
KXNCAAFSPREAD-25NOV08INDPSU-IND13,2025-11-08T13:09:36.751214Z,0.56,8,yes,07643932-3667-6873-91d9-7820742833c1
KXNCAAFSPREAD-25NOV08INDPSU-IND13,2025-11-08T13:04:35.34676Z,0.56,173,yes,a85b5516-a5ef-7893-5bab-debeefcaa3a9
KXNCAAFSPREAD-25NOV08INDPSU-IND13,2025-11-08T13:04:33.424382Z,0.56,84,yes,231e895c-ab1f-5da7-724c-db928b511555
KXNCAAFSPREAD-25NOV08INDPSU-IND13,2025-11-08T12:54:58.832345Z,0.56,17,yes,bb630b74-fe1f-5997-cb4f-7bcd68109025
KXNCAAFSPREAD-25NOV08INDPSU-IND13,2025-11-08T12:51:02.50872Z,0.56,8,yes,0188bb0f-6e07-5f0b-4cbf-a389dfc34279
KXNCAAFSPREAD-25NOV08INDPSU-IND13,2025-11-08T12:49:31.030228Z,0.56,2,yes,6fe2ef37-d9e7-66b3-83b9-da49ad751a09
KXNCAAFSPREAD-25NOV08INDPSU-IND13,2025-11-08T12:48:43.316633Z,0.56,44,yes,34a87741-d2cb-7267-48a9-06f157df0559
KXNCAAFSPREAD-25NOV08INDPSU-IND13,2025-11-08T12:36:58.13323Z,0.56,45,yes,d18a5694-652f-542f-ce18-d09adec78ddd
KXNCAAFSPREAD-25NOV08INDPSU-IND13,2025-11-08T12:33:46.755207Z,0.56,51,yes,2c3cb0b4-28d3-6f7f-85c1-111b9c4d8be5
KXNCAAFSPREAD-25NOV08INDPSU-IND13,2025-11-08T12:30:04.674291Z,0.56,229,yes,56bd3c4e-02c7-6b1f-731f-de6230fa1999
KXNCAAFSPREAD-25NOV08INDPSU-IND13,2025-11-08T12:30:04.674291Z,0.55,383,yes,468915af-e409-6164-617e-0fa03e239384
KXNCAAFSPREAD-25NOV08INDPSU-IND13,2025-11-08T12:09:29.388851Z,0.55,17,yes,aab5e1a4-c789-5660-eeb0-6c9695bc56f8
KXNCAAFSPREAD-25NOV08INDPSU-IND13,2025-11-08T12:07:06.900721Z,0.55,100,yes,bb53ef02-43e9-44c4-c1c6-44aa989569f0
KXNCAAFSPREAD-25NOV08INDPSU-IND13,2025-11-08T11:51:56.945952Z,0.52,10,no,828460f9-8b7f-5b73-a86f-479e61e745cd
KXNCAAFSPREAD-25NOV08INDPSU-IND13,2025-11-08T11:45:31.769228Z,0.56,86,yes,ae04b675-24bf-4647-2b80-353163dd3c9d
KXNCAAFSPREAD-25NOV08INDPSU-IND13,2025-11-08T11:39:42.425732Z,0.56,4,yes,a2171c33-4f8f-7ef3-9011-b2294a280d09
KXNCAAFSPREAD-25NOV08INDPSU-IND13,2025-11-08T10:57:14.200596Z,0.56,18,yes,d8a05343-af73-6ba3-910d-fb719c6b32b9
KXNCAAFSPREAD-25NOV08INDPSU-IND13,2025-11-08T10:56:53.571592Z,0.56,2,yes,655b8213-72f7-7667-d423-19f819fe4a49
KXNCAAFSPREAD-25NOV08INDPSU-IND13,2025-11-08T10:53:44.366394Z,0.56,173,yes,891ac265-45f7-5eaf-5330-576741ae02c1
KXNCAAFSPREAD-25NOV08INDPSU-IND13,2025-11-08T10:49:41.863312Z,0.56,86,yes,75718f81-7543-645b-457d-0003a893338d
KXNCAAFSPREAD-25NOV08INDPSU-IND13,2025-11-08T10:43:13.272317Z,0.56,8,yes,8cecf461-9997-6a77-13eb-d84156cb344d
KXNCAAFSPREAD-25NOV08INDPSU-IND13,2025-11-08T10:41:04.240474Z,0.56,95,yes,8b1cb58a-07eb-5d8f-fba8-ecd0f7831cc1
KXNCAAFSPREAD-25NOV08INDPSU-IND13,2025-11-08T10:37:15.810925Z,0.57,81,no,942e1607-8f6e-73d7-7673-34b61ab6d4e0
KXNCAAFSPREAD-25NOV08INDPSU-IND13,2025-11-08T10:09:39.154129Z,0.75,1,yes,7f376394-81b1-419e-7815-d4f228250239
KXNCAAFSPREAD-25NOV08INDPSU-IND13,2025-11-08T09:56:32.957599Z,0.57,50,yes,d1dce87f-2c26-7da7-8ded-011d44a04e7c
KXNCAAFSPREAD-25NOV08INDPSU-IND13,2025-11-08T09:56:32.957599Z,0.57,69,yes,10aee7e8-bc22-78e9-b4c1-73249a104f5b
KXNCAAFSPREAD-25NOV08INDPSU-IND13,2025-11-08T09:53:59.125369Z,0.57,86,yes,edc569d1-b866-7ef7-42ca-0feffd21d980
KXNCAAFSPREAD-25NOV08INDPSU-IND13,2025-11-08T09:50:28.938211Z,0.57,34,yes,f5404366-b87e-40f7-d97c-2cb5f9dacb90
KXNCAAFSPREAD-25NOV08INDPSU-IND13,2025-11-08T09:44:07.016224Z,0.57,17,yes,703a2fcd-b2a5-645f-ad84-841ae2b0ec9c
KXNCAAFSPREAD-25NOV08INDPSU-IND13,2025-11-08T09:35:22.677981Z,0.57,115,yes,d26abfc8-9fd3-7a29-f69b-b4ecab7caf27
KXNCAAFSPREAD-25NOV08INDPSU-IND13,2025-11-08T09:35:22.677981Z,0.7,103,yes,a0cbe63b-15a3-771e-f29f-2a9aef417239
KXNCAAFSPREAD-25NOV08INDPSU-IND13,2025-11-08T09:35:22.677981Z,0.57,31,yes,732c4449-21f2-7b1b-c1ec-05607ecd4b43
KXNCAAFSPREAD-25NOV08INDPSU-IND13,2025-11-08T09:35:22.677981Z,0.69,57,yes,4b556f36-1cc3-7916-d4e3-8df0e4c2e652
KXNCAAFSPREAD-25NOV08INDPSU-IND13,2025-11-08T09:34:06.06894Z,0.5,86,no,9997a080-3834-6707-4d40-7315a16af6d4
KXNCAAFSPREAD-25NOV08INDPSU-IND13,2025-11-08T08:40:56.127688Z,0.57,17,yes,f92b3395-148c-6835-5718-116bed8d6f82
KXNCAAFSPREAD-25NOV08INDPSU-IND13,2025-11-08T08:40:27.503036Z,0.57,85,yes,ae88b112-4818-66c9-2270-3d1835c52b66
KXNCAAFSPREAD-25NOV08INDPSU-IND13,2025-11-08T08:34:53.040625Z,0.57,34,yes,bc4d4654-df44-66f5-c15b-b436bd12cfd6
KXNCAAFSPREAD-25NOV08INDPSU-IND13,2025-11-08T07:57:33.251808Z,0.49,200,no,c99acf30-7878-7e27-2208-a2e62c7ba559
KXNCAAFSPREAD-25NOV08INDPSU-IND13,2025-11-08T07:57:33.251808Z,0.4,60,no,b3f53c61-dd53-7aa0-36ea-05b12fad7469
KXNCAAFSPREAD-25NOV08INDPSU-IND13,2025-11-08T07:57:33.251808Z,0.4,57,no,9a83bf94-633f-77bc-323a-70935f431c24
KXNCAAFSPREAD-25NOV08INDPSU-IND13,2025-11-08T07:57:33.251808Z,0.38,74,no,665c6425-8028-7a35-1cf4-4ceeb91f9ea0
KXNCAAFSPREAD-25NOV08INDPSU-IND13,2025-11-08T07:57:33.251808Z,0.53,50,no,4f10362e-599b-783a-1c25-8fda3d27993f
KXNCAAFSPREAD-25NOV08INDPSU-IND13,2025-11-08T07:57:33.251808Z,0.5,150,no,34017514-7e97-714a-3e0a-5f0dadd31f53
KXNCAAFSPREAD-25NOV08INDPSU-IND13,2025-11-08T07:57:33.251808Z,0.53,145,no,1cb0b71a-3e22-7353-1b5a-580d9d4d4364
KXNCAAFSPREAD-25NOV08INDPSU-IND13,2025-11-08T07:57:33.251808Z,0.39,117,no,0b54cc4d-1906-7b13-3ee2-1878098382c8
KXNCAAFSPREAD-25NOV08INDPSU-IND13,2025-11-08T07:57:33.251808Z,0.41,57,no,0abdd28f-df1e-7382-1580-20c92638fb57
KXNCAAFSPREAD-25NOV08INDPSU-IND13,2025-11-08T06:53:02.931555Z,0.56,2846,yes,abef60a0-26a8-403b-05eb-61711601eb89
KXNCAAFSPREAD-25NOV08INDPSU-IND13,2025-11-08T06:35:50.801705Z,0.56,65,yes,b32af820-3abc-5db7-e6b5-58eebe8cae30
KXNCAAFSPREAD-25NOV08INDPSU-IND13,2025-11-08T06:35:50.801705Z,0.56,1358,yes,96263d16-8f18-54f7-d495-ae109fcae035
KXNCAAFSPREAD-25NOV08INDPSU-IND13,2025-11-08T06:32:51.72853Z,0.56,8,yes,b93accc3-87b0-4dfb-6c41-d30d792a18ec
KXNCAAFSPREAD-25NOV08INDPSU-IND13,2025-11-08T06:32:12.940036Z,0.56,34,yes,fcf77d48-53a0-7dfb-b9e6-23df736380f0
KXNCAAFSPREAD-25NOV08INDPSU-IND13,2025-11-08T06:23:28.45851Z,0.56,86,yes,b955aefd-d194-5e0f-1a9a-5ffcac994d80
KXNCAAFSPREAD-25NOV08INDPSU-IND13,2025-11-08T06:12:42.220987Z,0.56,5,yes,44ad6a92-4e48-677f-56dc-b9945c71ee64
KXNCAAFSPREAD-25NOV08INDPSU-IND13,2025-11-08T06:09:45.353471Z,0.56,17,yes,ac83db77-0d14-59df-5746-bfd4c497e49c
KXNCAAFSPREAD-25NOV08INDPSU-IND13,2025-11-08T05:55:44.966892Z,0.56,86,yes,58210698-46c0-4c0f-24e4-4b79bc9ff4dc
KXNCAAFSPREAD-25NOV08INDPSU-IND13,2025-11-08T05:53:30.607614Z,0.56,25,yes,863051e1-f814-51a3-385d-9656e92c4e64
KXNCAAFSPREAD-25NOV08INDPSU-IND13,2025-11-08T05:46:21.50543Z,0.56,103,yes,8b930259-ac0c-444f-2f6b-e89e49e13434
KXNCAAFSPREAD-25NOV08INDPSU-IND13,2025-11-08T05:36:08.823602Z,0.56,51,yes,51f81270-36f4-792f-bfe9-497aac3693d4
KXNCAAFSPREAD-25NOV08INDPSU-IND13,2025-11-08T05:27:59.362883Z,0.56,520,yes,fd363a4b-0a18-6873-5ad6-8fc47671c74c
KXNCAAFSPREAD-25NOV08INDPSU-IND13,2025-11-08T04:59:44.243712Z,0.69,35,yes,774242e8-b0d9-5799-dedc-8b043e6cfe3e
KXNCAAFSPREAD-25NOV08INDPSU-IND13,2025-11-08T04:59:44.243712Z,0.57,108,yes,1477559f-54d3-5194-c278-b895a24231be
KXNCAAFSPREAD-25NOV08INDPSU-IND13,2025-11-08T04:59:30.631589Z,0.57,42,yes,f87c3183-47ab-4138-09b3-425a65b176d2
KXNCAAFSPREAD-25NOV08INDPSU-IND13,2025-11-08T04:52:33.492429Z,0.57,76,yes,ff594389-e5af-6328-1808-ce34a05305bd
KXNCAAFSPREAD-25NOV08INDPSU-IND13,2025-11-08T04:37:49.529733Z,0.55,241,yes,fb78d0b0-496f-760a-38a7-dfb436d38943
KXNCAAFSPREAD-25NOV08INDPSU-IND13,2025-11-08T04:37:49.529733Z,0.57,22,yes,429cb2f3-40c6-735f-3be4-fb8f31fcd73d
KXNCAAFSPREAD-25NOV08INDPSU-IND13,2025-11-08T04:18:46.273815Z,0.55,3,yes,15f2ba19-485f-49ae-d1d5-f42cd983f107
KXNCAAFSPREAD-25NOV08INDPSU-IND13,2025-11-08T04:10:47.503737Z,0.55,17,yes,32f1f513-e497-7f8e-c812-29b0be34521f
KXNCAAFSPREAD-25NOV08INDPSU-IND13,2025-11-08T03:50:06.158195Z,0.55,100,yes,8959f5e1-615f-5192-4d4d-8bc9621d8007
KXNCAAFSPREAD-25NOV08INDPSU-IND13,2025-11-08T03:23:02.336666Z,0.55,17,yes,5968214f-2d73-63e6-eecf-dea5cfc5deeb
KXNCAAFSPREAD-25NOV08INDPSU-IND13,2025-11-08T03:20:11.271331Z,0.55,35,yes,f24337f7-a4c7-44c2-3a3e-3e6f2aede923
KXNCAAFSPREAD-25NOV08INDPSU-IND13,2025-11-08T03:11:55.586557Z,0.53,50,no,a8668d8b-55ad-44e3-04c9-a7e99be77979
KXNCAAFSPREAD-25NOV08INDPSU-IND13,2025-11-08T03:03:00.85534Z,0.55,264,yes,06b0ac06-97af-7d86-7eca-a4c44ac82bdf
KXNCAAFSPREAD-25NOV08INDPSU-IND13,2025-11-08T02:05:17.576393Z,0.53,40,no,084302e2-afb9-62b3-5bbf-8ef44ab2cb01
KXNCAAFSPREAD-25NOV08INDPSU-IND13,2025-11-08T01:57:48.712211Z,0.53,10,no,7a363d26-c295-7687-7cb9-024b46fae209
KXNCAAFSPREAD-25NOV08INDPSU-IND13,2025-11-08T01:44:20.583634Z,0.55,176,yes,326863ad-525b-5916-d949-078c681c5c77
KXNCAAFSPREAD-25NOV08INDPSU-IND13,2025-11-08T01:40:44.495846Z,0.55,17,yes,fce4f2fa-91f3-625a-e26f-9a48be4a3973
KXNCAAFSPREAD-25NOV08INDPSU-IND13,2025-11-08T01:04:08.082432Z,0.55,6,yes,eb8f8684-5363-70fe-f2df-6c502a7ff9cb
KXNCAAFSPREAD-25NOV08INDPSU-IND13,2025-11-08T00:33:04.006944Z,0.55,10,yes,784d9179-8be3-5452-86b4-b2ebd54d0b67
KXNCAAFSPREAD-25NOV08INDPSU-IND13,2025-11-08T00:26:39.889404Z,0.55,26,yes,d86499b3-7d83-7e12-f1de-e36c32b8d58b
KXNCAAFSPREAD-25NOV08INDPSU-IND13,2025-11-08T00:25:09.658935Z,0.55,88,yes,52e5f232-bf47-699e-8a41-d7cf231b2b3f
KXNCAAFSPREAD-25NOV08INDPSU-IND13,2025-11-08T00:16:26.66018Z,0.53,41,no,2dc122b0-f509-5c0f-2fe8-d808421c02f9
KXNCAAFSPREAD-25NOV08INDPSU-IND13,2025-11-07T22:49:52.671117Z,0.56,457,yes,3ecc44a4-54ad-6fce-24d0-609ed16fbf50
KXNCAAFSPREAD-25NOV08INDPSU-IND13,2025-11-07T22:49:52.671117Z,0.57,61,yes,32977236-10dd-6759-3865-62e2eb726a1e
KXNCAAFSPREAD-25NOV08INDPSU-IND13,2025-11-07T22:21:10.577765Z,0.56,43,yes,7d4ed7b4-2881-44f6-453c-e4eab4a991ec
KXNCAAFSPREAD-25NOV08INDPSU-IND13,2025-11-07T22:01:33.117859Z,0.56,519,yes,25e8ebe0-ffbf-695f-3f59-00798a090a8c
KXNCAAFSPREAD-25NOV08INDPSU-IND13,2025-11-07T20:25:41.862958Z,0.56,43,yes,e81f4802-51bb-460f-d497-0885b6a4dbec
KXNCAAFSPREAD-25NOV08INDPSU-IND13,2025-11-07T19:45:12.692224Z,0.56,5,yes,787537ba-8493-76d3-49bf-060dc7081488
KXNCAAFSPREAD-25NOV08INDPSU-IND13,2025-11-07T19:33:47.030645Z,0.56,17,yes,c9e76886-e033-718b-0490-96e7945dccfc
KXNCAAFSPREAD-25NOV08INDPSU-IND13,2025-11-07T19:03:04.30627Z,0.57,166,yes,21cc3dc2-78ad-6d0d-0713-e072fd2a3632
KXNCAAFSPREAD-25NOV08INDPSU-IND13,2025-11-07T18:58:17.45778Z,0.57,170,yes,cafdde11-5749-4f51-91c4-4bee279789de
