ticker,created_time,price,count,taker_side,trade_id
KXNCAAFSPREAD-25NOV08OREIOWA-ORE6,2025-11-09T00:04:36.864509Z,0.01,447,yes,dfe574ff-5554-6cf8-9be7-34ae303127fe
KXNCAAFSPREAD-25NOV08OREIOWA-ORE6,2025-11-09T00:03:34.458455Z,0.01,34,yes,f5703bd7-a2dc-47a8-a1c7-24e6eafd6d2a
KXNCAAFSPREAD-25NOV08OREIOWA-ORE6,2025-11-09T00:02:45.775199Z,0.01,3,yes,d6adc660-b328-4558-a60a-143f1969682a
KXNCAAFSPREAD-25NOV08OREIOWA-ORE6,2025-11-09T00:00:26.927582Z,0.01,197,yes,3354a1a9-d780-6e50-76b6-5f55e5554f9a
KXNCAAFSPREAD-25NOV08OREIOWA-ORE6,2025-11-08T23:59:51.100791Z,0.01,85,yes,a4d1885b-dd78-6e28-32c6-2faa22ce1c6a
KXNCAAFSPREAD-25NOV08OREIOWA-ORE6,2025-11-08T23:59:41.808796Z,0.01,66,yes,98df4b9c-eda4-77a4-693c-31f0802a5ac6
KXNCAAFSPREAD-25NOV08OREIOWA-ORE6,2025-11-08T23:59:40.162359Z,0.01,241,yes,e2903568-5780-50fc-1116-92e3cab4b376
KXNCAAFSPREAD-25NOV08OREIOWA-ORE6,2025-11-08T23:59:20.637921Z,0.01,449,yes,c75a9f6a-aeec-55f0-9852-d0e2c851ffe2
KXNCAAFSPREAD-25NOV08OREIOWA-ORE6,2025-11-08T23:59:17.339023Z,0.01,86,yes,186d6067-b844-5658-878e-a6deaa53ccaa
KXNCAAFSPREAD-25NOV08OREIOWA-ORE6,2025-11-08T23:59:10.084632Z,0.01,543,yes,96b038a0-1ce0-43ec-6735-4f23f3bf4566
KXNCAAFSPREAD-25NOV08OREIOWA-ORE6,2025-11-08T23:53:41.889701Z,0.06,308,yes,ca7faf10-243a-6a3d-aa9d-b2afeca5f81a
KXNCAAFSPREAD-25NOV08OREIOWA-ORE6,2025-11-08T23:49:14.332217Z,0.01,301,yes,297f31af-fcda-5450-9071-fc29338a02d9
KXNCAAFSPREAD-25NOV08OREIOWA-ORE6,2025-11-08T23:49:08.267164Z,0.01,23,yes,8d441740-b646-463c-fe48-82003629152d
KXNCAAFSPREAD-25NOV08OREIOWA-ORE6,2025-11-08T23:49:05.267458Z,0.01,300,no,8e11d6b6-b2d6-4d53-3104-834f8c1a1c23
KXNCAAFSPREAD-25NOV08OREIOWA-ORE6,2025-11-08T23:48:58.798325Z,0.02,102,no,38652060-e38c-41c8-169f-75e19112fc9b
KXNCAAFSPREAD-25NOV08OREIOWA-ORE6,2025-11-08T23:47:27.29043Z,0.05,93,yes,4684f070-cf0a-6554-eeac-08d9a0c31ba9
KXNCAAFSPREAD-25NOV08OREIOWA-ORE6,2025-11-08T23:46:13.182358Z,0.05,137,yes,12daf100-c0da-5aa8-cf0f-729e7f23969d
KXNCAAFSPREAD-25NOV08OREIOWA-ORE6,2025-11-08T23:45:51.029034Z,0.02,98,no,2ab8622f-d69c-6020-bee4-c6b486486ecb
KXNCAAFSPREAD-25NOV08OREIOWA-ORE6,2025-11-08T23:42:55.553999Z,0.03,22,yes,7bc0065c-7fb3-59c8-6680-2fe015fa7a01
KXNCAAFSPREAD-25NOV08OREIOWA-ORE6,2025-11-08T23:42:43.021626Z,0.03,90,no,95f134e3-c66a-5965-9cfa-a6db6b05d8bc
KXNCAAFSPREAD-25NOV08OREIOWA-ORE6,2025-11-08T23:42:11.462805Z,0.05,100,yes,d8a5df76-1c17-6500-6b82-63b0a5a2ba5d
KXNCAAFSPREAD-25NOV08OREIOWA-ORE6,2025-11-08T23:41:55.512583Z,0.03,10,no,26184c56-0bc2-59cd-a2ac-94c561b67cfc
KXNCAAFSPREAD-25NOV08OREIOWA-ORE6,2025-11-08T23:41:19.115625Z,0.06,100,yes,8eb00a19-3ebf-6448-dc26-ccfe438fbcd9
KXNCAAFSPREAD-25NOV08OREIOWA-ORE6,2025-11-08T23:41:19.08194Z,0.06,62,no,5a31799e-7396-5ed1-b0bf-f76679c113c5
KXNCAAFSPREAD-25NOV08OREIOWA-ORE6,2025-11-08T23:40:42.403373Z,0.06,8,no,8fbeb273-bfa6-6099-155c-87d7d70824e1
KXNCAAFSPREAD-25NOV08OREIOWA-ORE6,2025-11-08T23:39:27.726489Z,0.06,20,no,19e46872-6b1a-75f1-70df-7d9a2bc0b09d
KXNCAAFSPREAD-25NOV08OREIOWA-ORE6,2025-11-08T23:37:49.026508Z,0.06,10,no,1cdd4d16-1b06-7a25-32de-16d2c72ee891
KXNCAAFSPREAD-25NOV08OREIOWA-ORE6,2025-11-08T23:35:41.684952Z,0.07,88,no,396c1002-0408-56ef-6428-94e9559c37d9
KXNCAAFSPREAD-25NOV08OREIOWA-ORE6,2025-11-08T23:35:41.684952Z,0.07,100,no,0b7ee9bd-594e-55ff-6bba-4d2117031996
KXNCAAFSPREAD-25NOV08OREIOWA-ORE6,2025-11-08T23:34:56.476926Z,0.39,61,yes,8030169f-f1da-7e01-1430-506bd20ae184
KXNCAAFSPREAD-25NOV08OREIOWA-ORE6,2025-11-08T23:33:26.974953Z,0.15,20,no,19b26cd3-6e5e-7692-49a9-8bb6f089c9d6
KXNCAAFSPREAD-25NOV08OREIOWA-ORE6,2025-11-08T23:33:26.974953Z,0.09,83,no,114d42c2-5bb9-71e7-526a-c4cfa95f67cb
KXNCAAFSPREAD-25NOV08OREIOWA-ORE6,2025-11-08T23:32:47.661507Z,0.2,1000,no,bc8db15d-9ccd-4eaf-e7c1-d2803f32ca00
KXNCAAFSPREAD-25NOV08OREIOWA-ORE6,2025-11-08T23:32:47.661507Z,0.2,175,no,30b7f443-dc89-4f7c-c668-53277c2018df
KXNCAAFSPREAD-25NOV08OREIOWA-ORE6,2025-11-08T23:31:43.165814Z,0.6,3,yes,fae4d78a-b96d-57b9-fa92-c8e18e30c3fc
KXNCAAFSPREAD-25NOV08OREIOWA-ORE6,2025-11-08T23:26:46.902804Z,0.47,52,yes,e37d58eb-f0bb-7f6f-83df-414a297565fb
KXNCAAFSPREAD-25NOV08OREIOWA-ORE6,2025-11-08T23:26:46.902804Z,0.46,51,yes,3d5adb72-784c-78cd-bba6-2b3f86c30629
KXNCAAFSPREAD-25NOV08OREIOWA-ORE6,2025-11-08T23:25:24.281512Z,0.68,21,yes,a69f9c98-bee7-4edf-a5cb-d77ff25d457f
KXNCAAFSPREAD-25NOV08OREIOWA-ORE6,2025-11-08T23:24:31.633203Z,0.48,39,no,8c838d93-2090-4d1b-ec90-3df76235d9b7
KXNCAAFSPREAD-25NOV08OREIOWA-ORE6,2025-11-08T23:21:37.48251Z,0.49,20,yes,97c91cb0-ca55-57b2-3dc8-685ccad5a8ea
KXNCAAFSPREAD-25NOV08OREIOWA-ORE6,2025-11-08T23:05:32.790308Z,0.72,16,yes,ebd3e6da-6d5d-75a5-9376-146eee2c8dec
KXNCAAFSPREAD-25NOV08OREIOWA-ORE6,2025-11-08T23:05:17.762731Z,0.58,10,yes,209e0bb7-c9c7-7ade-6a44-8d4bf60473cd
KXNCAAFSPREAD-25NOV08OREIOWA-ORE6,2025-11-08T23:04:45.441003Z,0.5,5,yes,e251d985-e84f-4306-03de-1b8f7d361f75
KXNCAAFSPREAD-25NOV08OREIOWA-ORE6,2025-11-08T23:00:20.70782Z,0.5,2,yes,562430eb-fff3-4cec-8e5c-604842750861
KXNCAAFSPREAD-25NOV08OREIOWA-ORE6,2025-11-08T22:59:36.448689Z,0.5,9,yes,8ead9b7c-4008-55fe-6b63-d3721648f36a
KXNCAAFSPREAD-25NOV08OREIOWA-ORE6,2025-11-08T22:59:34.385764Z,0.5,1,yes,2c8e9900-9df0-6a2e-af1b-35df5ccd0f7e
KXNCAAFSPREAD-25NOV08OREIOWA-ORE6,2025-11-08T22:54:48.22054Z,0.5,5,yes,7eda9354-85a9-73a8-b1c9-0c5cb1d9ca8f
KXNCAAFSPREAD-25NOV08OREIOWA-ORE6,2025-11-08T22:44:35.707683Z,0.45,97,no,ff31bebd-68aa-7ffd-ac2e-ad62a73dce3d
KXNCAAFSPREAD-25NOV08OREIOWA-ORE6,2025-11-08T22:44:03.940943Z,0.45,1,no,6d4098ff-beae-6665-c54d-f56f01f4818d
KXNCAAFSPREAD-25NOV08OREIOWA-ORE6,2025-11-08T22:36:28.352264Z,0.27,10,no,fe2af52e-3f08-435a-dafb-c2ec3ea47b88
KXNCAAFSPREAD-25NOV08OREIOWA-ORE6,2025-11-08T22:36:28.352264Z,0.26,23,no,296e8056-8919-4aa3-c111-0ea50b5fc66f
KXNCAAFSPREAD-25NOV08OREIOWA-ORE6,2025-11-08T22:33:36.906594Z,0.44,1,no,acf16514-10d7-57a0-bbc0-46d4a7ca3ec0
KXNCAAFSPREAD-25NOV08OREIOWA-ORE6,2025-11-08T22:32:15.481378Z,0.44,9,no,48a73681-11cf-61bc-3e5b-633be649dafc
KXNCAAFSPREAD-25NOV08OREIOWA-ORE6,2025-11-08T22:32:15.481378Z,0.54,10,no,2ce90375-62ae-625c-36fb-b1572ad854c0
KXNCAAFSPREAD-25NOV08OREIOWA-ORE6,2025-11-08T22:26:34.884591Z,0.58,334,yes,29a4718f-1bdf-6c37-fb16-27fdd63d617e
KXNCAAFSPREAD-25NOV08OREIOWA-ORE6,2025-11-08T22:25:53.625566Z,0.58,1979,yes,3b451675-338f-4d3f-b831-e740aed00b5e
KXNCAAFSPREAD-25NOV08OREIOWA-ORE6,2025-11-08T22:25:45.679214Z,0.55,9,yes,4c9f351a-8c2f-439e-7167-4e7bdbcbf6f0
KXNCAAFSPREAD-25NOV08OREIOWA-ORE6,2025-11-08T22:25:45.679214Z,0.58,9,yes,3ffc81f6-f677-4b7b-6418-5d1da7e05f06
KXNCAAFSPREAD-25NOV08OREIOWA-ORE6,2025-11-08T22:24:35.600395Z,0.55,1,yes,869c8c2b-4bc7-740e-fc40-32e43128c0b0
KXNCAAFSPREAD-25NOV08OREIOWA-ORE6,2025-11-08T22:21:33.205097Z,0.58,84,yes,95d6c066-de73-78fb-4fcb-ab23e1eefa2e
KXNCAAFSPREAD-25NOV08OREIOWA-ORE6,2025-11-08T22:20:58.754808Z,0.54,10,no,3e69325f-fe59-5003-862c-002d0c98c642
KXNCAAFSPREAD-25NOV08OREIOWA-ORE6,2025-11-08T22:20:31.096401Z,0.54,47,no,bf6741cf-77b9-68e7-5ad7-c038e431e76e
KXNCAAFSPREAD-25NOV08OREIOWA-ORE6,2025-11-08T22:20:31.096401Z,0.55,5,no,4a6c81b5-ebf7-6719-6d70-2b2299dffb9f
KXNCAAFSPREAD-25NOV08OREIOWA-ORE6,2025-11-08T22:20:28.669469Z,0.58,20,yes,a8fa64ca-fb9b-538f-24c0-da96819c42be
KXNCAAFSPREAD-25NOV08OREIOWA-ORE6,2025-11-08T22:18:03.215017Z,0.55,90,yes,5678a46c-5cbb-4aeb-9a3a-a6b992efa80a
KXNCAAFSPREAD-25NOV08OREIOWA-ORE6,2025-11-08T22:17:59.654278Z,0.55,10,yes,eddaa6fb-38d7-542b-12d1-818f9a63deca
KXNCAAFSPREAD-25NOV08OREIOWA-ORE6,2025-11-08T22:14:35.909865Z,0.55,20,yes,d834e37f-f2b7-78e7-c8d1-22f3df41eaca
KXNCAAFSPREAD-25NOV08OREIOWA-ORE6,2025-11-08T22:14:15.277093Z,0.55,58,yes,9739f2e1-85cf-7f67-5d34-942fde193c2e
KXNCAAFSPREAD-25NOV08OREIOWA-ORE6,2025-11-08T22:14:15.277093Z,0.55,3,yes,21ea9e28-f14e-7d1f-4641-fa2e6c963dad
KXNCAAFSPREAD-25NOV08OREIOWA-ORE6,2025-11-08T22:13:43.880702Z,0.55,7,yes,e2edccca-6262-6d0f-3d2b-1ea900a32309
KXNCAAFSPREAD-25NOV08OREIOWA-ORE6,2025-11-08T22:13:43.880702Z,0.55,10,yes,0adf76d2-ad33-6abc-07f0-646995256390
KXNCAAFSPREAD-25NOV08OREIOWA-ORE6,2025-11-08T22:13:43.473246Z,0.55,881,yes,4c80891b-6ca3-6e4f-efd2-98823da9f612
KXNCAAFSPREAD-25NOV08OREIOWA-ORE6,2025-11-08T22:04:05.147658Z,0.75,19,yes,908ad942-acee-54f5-3e61-9cb3a845a3f5
KXNCAAFSPREAD-25NOV08OREIOWA-ORE6,2025-11-08T22:03:34.215663Z,0.53,2,yes,7d6f8121-4fd0-6f31-c4e7-6abe2bb1e352
KXNCAAFSPREAD-25NOV08OREIOWA-ORE6,2025-11-08T22:03:34.215663Z,0.68,55,yes,4b92ccf8-f32b-62cc-d7fb-0d03171029dd
KXNCAAFSPREAD-25NOV08OREIOWA-ORE6,2025-11-08T22:01:15.03629Z,0.53,8,yes,3b3cca1c-545c-52bd-cf05-f89db3f952be
KXNCAAFSPREAD-25NOV08OREIOWA-ORE6,2025-11-08T22:01:15.03629Z,0.53,10,yes,0ebf9926-5b34-5586-d69e-d69436a2b0a3
KXNCAAFSPREAD-25NOV08OREIOWA-ORE6,2025-11-08T22:01:04.73026Z,0.63,11,yes,94256d82-fb2c-6cd9-8710-3c4e1456fbfb
KXNCAAFSPREAD-25NOV08OREIOWA-ORE6,2025-11-08T22:01:04.73026Z,0.55,163,yes,53d350f6-74e3-6bb8-9d8a-5188e6428d62
KXNCAAFSPREAD-25NOV08OREIOWA-ORE6,2025-11-08T21:59:37.968176Z,0.56,33,yes,a4b1efc7-7fdc-6878-4741-184e3d2040a5
KXNCAAFSPREAD-25NOV08OREIOWA-ORE6,2025-11-08T21:59:37.968176Z,0.55,10,yes,20d8b1f1-b742-6b45-53fc-642b6384f759
KXNCAAFSPREAD-25NOV08OREIOWA-ORE6,2025-11-08T21:57:10.974567Z,0.47,8,no,dc49980c-11a0-4115-0f48-f5be4fad8179
KXNCAAFSPREAD-25NOV08OREIOWA-ORE6,2025-11-08T21:57:10.974567Z,0.44,858,no,3780c455-91f3-465a-3503-3cdb6fcc7b8e
KXNCAAFSPREAD-25NOV08OREIOWA-ORE6,2025-11-08T21:56:45.411351Z,0.45,2,no,8bdff6b5-e420-6011-0bc7-9eba9174860d
KXNCAAFSPREAD-25NOV08OREIOWA-ORE6,2025-11-08T21:52:38.14317Z,0.45,89,no,791c885d-7d5b-71c9-9119-497c1f16302a
KXNCAAFSPREAD-25NOV08OREIOWA-ORE6,2025-11-08T21:52:24.363333Z,0.45,1,no,17553030-c18b-63bd-91c9-8c1b7a9f4b8a
KXNCAAFSPREAD-25NOV08OREIOWA-ORE6,2025-11-08T21:49:59.850509Z,0.45,88,no,ba4c9c4f-6f1b-41a5-ffc0-2817667cb57e
KXNCAAFSPREAD-25NOV08OREIOWA-ORE6,2025-11-08T21:48:53.824837Z,0.45,22,no,6876e91b-d4c3-50cd-e0c3-7bb383c4809a
KXNCAAFSPREAD-25NOV08OREIOWA-ORE6,2025-11-08T21:41:36.996909Z,0.46,100,no,eefba618-8d47-620f-b062-77653f7d0016
KXNCAAFSPREAD-25NOV08OREIOWA-ORE6,2025-11-08T21:41:36.996909Z,0.49,100,no,c17179c3-94c5-6229-b533-ee5ffa97604a
KXNCAAFSPREAD-25NOV08OREIOWA-ORE6,2025-11-08T21:41:36.996909Z,0.46,343,no,29f43ce0-3a55-6087-8f33-8d82f4b99fa8
KXNCAAFSPREAD-25NOV08OREIOWA-ORE6,2025-11-08T21:38:04.098796Z,0.49,66,no,4e80718f-1cfd-6d1f-015e-74d5784fb0cc
KXNCAAFSPREAD-25NOV08OREIOWA-ORE6,2025-11-08T21:36:52.141843Z,0.49,3,no,910a8b3e-fb81-4077-5d39-569d8c2108c4
KXNCAAFSPREAD-25NOV08OREIOWA-ORE6,2025-11-08T21:36:07.987025Z,0.49,9,no,e1819064-0f4d-43fb-a8d0-bf7155cc7b78
KXNCAAFSPREAD-25NOV08OREIOWA-ORE6,2025-11-08T21:35:17.468734Z,0.49,13,no,554132c8-9f08-7259-45ab-fee60b150c27
KXNCAAFSPREAD-25NOV08OREIOWA-ORE6,2025-11-08T21:35:17.468734Z,0.49,81,no,2831892e-9bc5-7213-4f7b-6dc155e9f8e0
KXNCAAFSPREAD-25NOV08OREIOWA-ORE6,2025-11-08T21:32:54.857414Z,0.49,87,no,baf12bef-ec10-69f1-c929-36218841e937
KXNCAAFSPREAD-25NOV08OREIOWA-ORE6,2025-11-08T21:32:54.857414Z,0.5,50,no,2075cd78-4cd7-62e4-c6a4-da190e344038
KXNCAAFSPREAD-25NOV08OREIOWA-ORE6,2025-11-08T21:30:18.550454Z,0.75,196,yes,df33d43a-d2a4-6aca-8691-3953aace8494
KXNCAAFSPREAD-25NOV08OREIOWA-ORE6,2025-11-08T21:28:59.265387Z,0.75,26,yes,fe73b8d6-8c14-796e-9be6-c2ecfd487f8c
KXNCAAFSPREAD-25NOV08OREIOWA-ORE6,2025-11-08T21:28:58.509585Z,0.75,15,yes,d479b0ff-f6a0-45da-7261-ad0bc4a10958
KXNCAAFSPREAD-25NOV08OREIOWA-ORE6,2025-11-08T21:27:37.499651Z,0.74,33,yes,426efb53-499a-7f68-e37f-3fd5ad96f3d1
KXNCAAFSPREAD-25NOV08OREIOWA-ORE6,2025-11-08T21:27:12.509576Z,0.51,197,no,8c6f9762-77fd-6424-4e29-3399239180ee
KXNCAAFSPREAD-25NOV08OREIOWA-ORE6,2025-11-08T21:25:52.61402Z,0.51,200,no,38b9e528-3c60-4919-a384-80aa7eab08e8
KXNCAAFSPREAD-25NOV08OREIOWA-ORE6,2025-11-08T21:24:24.223817Z,0.52,29,yes,91b0da94-e2ea-7a60-f86c-90acd8c6a582
KXNCAAFSPREAD-25NOV08OREIOWA-ORE6,2025-11-08T21:24:06.83634Z,0.52,427,yes,f87b27c5-745e-6fc4-9c75-fef650cde3ee
KXNCAAFSPREAD-25NOV08OREIOWA-ORE6,2025-11-08T21:24:06.529017Z,0.52,232,yes,fe32ae77-ba46-7268-72ef-9a826b40c5a2
KXNCAAFSPREAD-25NOV08OREIOWA-ORE6,2025-11-08T21:24:02.332167Z,0.52,93,yes,e1b28106-a9c2-7cc0-be46-5baab4ee88ea
KXNCAAFSPREAD-25NOV08OREIOWA-ORE6,2025-11-08T21:23:52.04369Z,0.52,18,yes,4585fadf-63ea-715c-4f02-496ac97b8bca
KXNCAAFSPREAD-25NOV08OREIOWA-ORE6,2025-11-08T21:23:02.730146Z,0.51,680,yes,d83212d8-9912-7c6d-cdcb-2235d5a7e8c8
KXNCAAFSPREAD-25NOV08OREIOWA-ORE6,2025-11-08T21:23:02.730146Z,0.52,264,yes,8cb4f8db-c92e-739c-ec79-43a51d6392aa
KXNCAAFSPREAD-25NOV08OREIOWA-ORE6,2025-11-08T21:22:58.730202Z,0.48,27,no,f4295e46-c52a-7c1e-bf16-887fddb9f486
KXNCAAFSPREAD-25NOV08OREIOWA-ORE6,2025-11-08T21:22:48.324961Z,0.51,663,yes,52a3e38f-df8e-76cd-5c90-27b7842e9c54
KXNCAAFSPREAD-25NOV08OREIOWA-ORE6,2025-11-08T21:22:44.384599Z,0.48,1116,no,d9e8608d-1dba-419a-ffc1-b13192dd717a
KXNCAAFSPREAD-25NOV08OREIOWA-ORE6,2025-11-08T21:22:25.402438Z,0.52,3,yes,f5ed6984-bb62-68f0-8d96-9fefe26ef22e
KXNCAAFSPREAD-25NOV08OREIOWA-ORE6,2025-11-08T21:22:14.140749Z,0.52,100,no,c913ac59-532e-41d8-c8f0-61981c96ee7c
KXNCAAFSPREAD-25NOV08OREIOWA-ORE6,2025-11-08T21:21:25.79841Z,0.59,57,yes,0107fc2b-0b1e-4ad9-db06-de77a9cd9e74
KXNCAAFSPREAD-25NOV08OREIOWA-ORE6,2025-11-08T21:21:19.908873Z,0.59,8,yes,0f8d240f-0dd6-6589-1b23-694365916074
KXNCAAFSPREAD-25NOV08OREIOWA-ORE6,2025-11-08T21:21:05.763517Z,0.59,247,yes,7d2fd598-a0ce-4239-788f-63f764dc7450
KXNCAAFSPREAD-25NOV08OREIOWA-ORE6,2025-11-08T21:18:48.189788Z,0.59,102,yes,31f778ac-3c06-6ff1-c292-f4604a5dce08
KXNCAAFSPREAD-25NOV08OREIOWA-ORE6,2025-11-08T21:18:38.041471Z,0.59,9,yes,667074a5-970a-633d-1dbc-2f587eb786e4
KXNCAAFSPREAD-25NOV08OREIOWA-ORE6,2025-11-08T21:17:38.651486Z,0.59,34,yes,08648ae9-b852-7451-9cab-1797ea5958fc
KXNCAAFSPREAD-25NOV08OREIOWA-ORE6,2025-11-08T21:17:32.977897Z,0.5,46,yes,78910aca-f794-6d58-db96-041b6b304705
KXNCAAFSPREAD-25NOV08OREIOWA-ORE6,2025-11-08T21:17:32.977897Z,0.59,41,yes,07ab1e1f-7b12-6609-f036-e35b4872ec58
KXNCAAFSPREAD-25NOV08OREIOWA-ORE6,2025-11-08T21:17:25.3826Z,0.5,35,yes,848ac5f7-0904-46c8-bb1a-c17fd6d03dc9
KXNCAAFSPREAD-25NOV08OREIOWA-ORE6,2025-11-08T21:16:54.532829Z,0.5,19,yes,e15241d2-cd6c-5d18-ffa8-d488253688b5
KXNCAAFSPREAD-25NOV08OREIOWA-ORE6,2025-11-08T21:13:59.165303Z,0.58,56,yes,c341c605-898c-4259-a9fb-1aff96faee04
KXNCAAFSPREAD-25NOV08OREIOWA-ORE6,2025-11-08T21:13:59.165303Z,0.59,142,yes,78176681-e88b-4bf3-afdf-604024911b2c
KXNCAAFSPREAD-25NOV08OREIOWA-ORE6,2025-11-08T21:13:59.165303Z,0.6,47,yes,0f746e71-5036-4f99-90a1-a7c8395e0fc4
KXNCAAFSPREAD-25NOV08OREIOWA-ORE6,2025-11-08T21:13:06.802771Z,0.59,41,yes,7b36d176-7e03-5bdb-a1c5-5c0b9c6279cc
KXNCAAFSPREAD-25NOV08OREIOWA-ORE6,2025-11-08T21:13:03.57555Z,0.59,164,yes,f10bac94-7cce-6029-576a-bd3fb312cf63
KXNCAAFSPREAD-25NOV08OREIOWA-ORE6,2025-11-08T21:02:42.483579Z,0.6,15,yes,4b848239-9cc2-4fb8-ad23-5043d1074d2d
KXNCAAFSPREAD-25NOV08OREIOWA-ORE6,2025-11-08T21:02:42.483579Z,0.81,13,yes,337d495b-b6e3-4979-b00b-0349a597bfc6
KXNCAAFSPREAD-25NOV08OREIOWA-ORE6,2025-11-08T21:01:22.882967Z,0.46,194,no,ffa3c75e-ac67-7994-81a2-6403f1f4ed5c
KXNCAAFSPREAD-25NOV08OREIOWA-ORE6,2025-11-08T21:01:22.882967Z,0.44,123,no,e5f9cb56-1754-71e6-bed6-f6446ad5d662
KXNCAAFSPREAD-25NOV08OREIOWA-ORE6,2025-11-08T21:01:22.882967Z,0.51,238,no,01cd07bd-56fe-741f-94f0-608c3559c4b1
KXNCAAFSPREAD-25NOV08OREIOWA-ORE6,2025-11-08T21:00:11.844285Z,0.51,253,no,bba4f265-56ee-7aaf-c4ae-5d32cc47434d
KXNCAAFSPREAD-25NOV08OREIOWA-ORE6,2025-11-08T20:58:49.39736Z,0.51,9,no,569d7d11-0942-451f-13d2-4ee39d72b6f1
KXNCAAFSPREAD-25NOV08OREIOWA-ORE6,2025-11-08T20:58:32.821845Z,0.46,8,no,ebe80c2e-3697-4008-473e-95185b9e7b3c
KXNCAAFSPREAD-25NOV08OREIOWA-ORE6,2025-11-08T20:57:45.418368Z,0.46,66,no,c4253dc2-9874-70e2-1e86-1cac7c9adf0e
KXNCAAFSPREAD-25NOV08OREIOWA-ORE6,2025-11-08T20:57:19.794261Z,0.74,43,yes,fc246509-677e-6fb6-380c-4d9a8e1108a0
KXNCAAFSPREAD-25NOV08OREIOWA-ORE6,2025-11-08T20:57:19.794261Z,0.6,4,yes,82afb8ca-6993-6f79-2149-08a1ccd00abf
KXNCAAFSPREAD-25NOV08OREIOWA-ORE6,2025-11-08T20:57:19.794261Z,0.74,119,yes,1403c74f-1c31-6afa-37a2-cc6993769dac
KXNCAAFSPREAD-25NOV08OREIOWA-ORE6,2025-11-08T20:51:11.220974Z,0.51,181,yes,aa80dbcb-d8ef-5f63-7245-0362a5b9cf18
KXNCAAFSPREAD-25NOV08OREIOWA-ORE6,2025-11-08T20:51:01.378814Z,0.51,65,yes,ccd5afe3-abeb-6b7f-51db-7a916809932c
KXNCAAFSPREAD-25NOV08OREIOWA-ORE6,2025-11-08T20:51:01.378814Z,0.5,10,yes,8c231a6d-330d-6901-42bf-8082a5d2d815
KXNCAAFSPREAD-25NOV08OREIOWA-ORE6,2025-11-08T20:50:16.025909Z,0.55,6,yes,d4347fb0-93ed-7f4c-b85a-f2a2cc7f506a
KXNCAAFSPREAD-25NOV08OREIOWA-ORE6,2025-11-08T20:50:16.025909Z,0.5,90,yes,6829aaa4-d7bc-793f-a6db-6bd58505eac3
KXNCAAFSPREAD-25NOV08OREIOWA-ORE6,2025-11-08T20:49:53.442733Z,0.5,19,yes,71bc23a0-fd40-6907-c69d-84caeaaa42db
KXNCAAFSPREAD-25NOV08OREIOWA-ORE6,2025-11-08T20:49:42.697173Z,0.5,3,yes,cf16232b-4124-53ff-5901-2cff9cf2f6f3
KXNCAAFSPREAD-25NOV08OREIOWA-ORE6,2025-11-08T20:49:22.847588Z,0.5,59,no,c599f0c1-bba3-507f-bb8d-7116b7ef2d61
KXNCAAFSPREAD-25NOV08OREIOWA-ORE6,2025-11-08T20:49:22.847588Z,0.5,9,no,7d9680fa-5599-58fc-aff8-197b32b77cbc
KXNCAAFSPREAD-25NOV08OREIOWA-ORE6,2025-11-08T20:49:16.477248Z,0.5,21,no,9aa43a17-9f69-59d8-2ce8-eb8fbc42fdc8
KXNCAAFSPREAD-25NOV08OREIOWA-ORE6,2025-11-08T20:49:13.288492Z,0.5,38,no,a2829b78-2151-4f9c-c09c-903ef1ec86f4
KXNCAAFSPREAD-25NOV08OREIOWA-ORE6,2025-11-08T20:48:42.336401Z,0.58,89,yes,31116587-bfc3-589d-a967-4eaab8dc665b
KXNCAAFSPREAD-25NOV08OREIOWA-ORE6,2025-11-08T20:48:42.336401Z,0.6,3,yes,052d63c1-4a4b-58f9-a889-95f10618e757
KXNCAAFSPREAD-25NOV08OREIOWA-ORE6,2025-11-08T20:48:34.852042Z,0.5,9,no,7dad1021-9531-5d9c-87b4-0e60e80abfc0
KXNCAAFSPREAD-25NOV08OREIOWA-ORE6,2025-11-08T20:48:27.774084Z,0.51,88,no,06c3eb40-4607-4dcb-04a7-6f86521d92a5
KXNCAAFSPREAD-25NOV08OREIOWA-ORE6,2025-11-08T20:48:22.824282Z,0.58,41,yes,6ced4d37-d637-7efd-8933-0b1a29aa7ac3
KXNCAAFSPREAD-25NOV08OREIOWA-ORE6,2025-11-08T20:48:13.016022Z,0.58,62,yes,4fe72312-e0bb-416d-0170-eac8ae808c4b
KXNCAAFSPREAD-25NOV08OREIOWA-ORE6,2025-11-08T20:48:13.016022Z,0.56,5,yes,3a5c5cc6-49c5-4ab4-155a-8bd0a15d469f
KXNCAAFSPREAD-25NOV08OREIOWA-ORE6,2025-11-08T20:48:04.58095Z,0.5,15,no,a4d593f6-5bcd-4570-2c35-89be33c73a8c
KXNCAAFSPREAD-25NOV08OREIOWA-ORE6,2025-11-08T20:48:03.173261Z,0.5,108,no,396a5260-c1a5-7bdc-461e-7ff3c68fe050
KXNCAAFSPREAD-25NOV08OREIOWA-ORE6,2025-11-08T20:47:59.949373Z,0.58,20,yes,76f56b91-fb17-6841-f672-fd4c580094f3
KXNCAAFSPREAD-25NOV08OREIOWA-ORE6,2025-11-08T20:45:09.903831Z,0.18,24,no,45646a07-4990-76b2-b585-610f653eeb82
KXNCAAFSPREAD-25NOV08OREIOWA-ORE6,2025-11-08T20:42:42.788838Z,0.6,32,yes,257bd443-f7b7-56b1-a542-4aa5828923b3
KXNCAAFSPREAD-25NOV08OREIOWA-ORE6,2025-11-08T20:39:21.851644Z,0.6,11,yes,97eead99-372f-48ad-e91c-4ce9935ad82f
KXNCAAFSPREAD-25NOV08OREIOWA-ORE6,2025-11-08T20:39:21.851644Z,0.5,50,yes,48998ccc-5b99-49f1-d134-5239ce663338
KXNCAAFSPREAD-25NOV08OREIOWA-ORE6,2025-11-08T20:37:39.746604Z,0.48,13,no,8bcd517b-ef61-7ef8-f1b3-ecbb601359f2
KXNCAAFSPREAD-25NOV08OREIOWA-ORE6,2025-11-08T20:37:39.746604Z,0.3,4,no,79aca48e-8444-70e2-fe46-058a5ef6725f
KXNCAAFSPREAD-25NOV08OREIOWA-ORE6,2025-11-08T20:36:08.575307Z,0.3,123,no,ef8f266b-771b-505f-4293-91a34afec111
KXNCAAFSPREAD-25NOV08OREIOWA-ORE6,2025-11-08T20:33:02.417575Z,0.58,24,yes,e2cb6b3d-70f7-7468-f4b3-5af519d14c69
KXNCAAFSPREAD-25NOV08OREIOWA-ORE6,2025-11-08T20:33:02.417575Z,0.5,40,yes,dafa207d-9dfd-7863-f61f-ddf1219d6a15
KXNCAAFSPREAD-25NOV08OREIOWA-ORE6,2025-11-08T20:33:02.417575Z,0.44,26,yes,6ad8baef-d85c-709a-ebea-312659eedd68
KXNCAAFSPREAD-25NOV08OREIOWA-ORE6,2025-11-08T20:33:02.417575Z,0.7,306,yes,5a708c11-463e-7a81-e60d-90f1ab2d4190
KXNCAAFSPREAD-25NOV08OREIOWA-ORE6,2025-11-08T20:33:02.417575Z,0.45,6555,yes,439e64c0-aa2d-74b7-f69a-1ce337c1fc6a
KXNCAAFSPREAD-25NOV08OREIOWA-ORE6,2025-11-08T20:32:00.539044Z,0.44,42,yes,c534b5d5-f860-5446-22b4-d27198567448
KXNCAAFSPREAD-25NOV08OREIOWA-ORE6,2025-11-08T20:31:42.040291Z,0.45,42,yes,c6ff1da3-2a71-5393-6e55-881ca5b081b2
KXNCAAFSPREAD-25NOV08OREIOWA-ORE6,2025-11-08T20:31:40.362099Z,0.45,42,yes,7d89b799-6f3d-7d33-20cb-9ef01c6b27be
KXNCAAFSPREAD-25NOV08OREIOWA-ORE6,2025-11-08T20:31:39.453186Z,0.44,10,no,e0970b91-9959-5460-1e04-7fb0b3f75536
KXNCAAFSPREAD-25NOV08OREIOWA-ORE6,2025-11-08T20:31:39.453186Z,0.3,4,no,b2b9858f-8987-5047-0f5d-a865663e3121
KXNCAAFSPREAD-25NOV08OREIOWA-ORE6,2025-11-08T20:31:39.453186Z,0.41,99,no,5abcbdaf-e653-50fa-27c7-8be6b133b6fb
KXNCAAFSPREAD-25NOV08OREIOWA-ORE6,2025-11-08T20:31:33.018705Z,0.45,213,yes,38603fb0-9cd1-4c43-b582-0d9e2c69f636
KXNCAAFSPREAD-25NOV08OREIOWA-ORE6,2025-11-08T20:31:28.256331Z,0.45,94,yes,6f845534-dfd1-455f-94c1-765018d42cce
KXNCAAFSPREAD-25NOV08OREIOWA-ORE6,2025-11-08T20:29:56.770029Z,0.43,49,no,ba39baa8-9bf5-42dd-43c5-eb808333324c
KXNCAAFSPREAD-25NOV08OREIOWA-ORE6,2025-11-08T20:29:50.743384Z,0.43,255,no,c234aa9f-06c9-6a55-6d4b-2a8286069bb4
KXNCAAFSPREAD-25NOV08OREIOWA-ORE6,2025-11-08T20:29:14.487778Z,0.45,120,yes,6650db74-e469-49ab-5b99-541374dd775e
KXNCAAFSPREAD-25NOV08OREIOWA-ORE6,2025-11-08T20:29:01.845696Z,0.45,42,yes,14e4da4b-9229-6353-6dce-334976d4d97e
KXNCAAFSPREAD-25NOV08OREIOWA-ORE6,2025-11-08T20:28:52.986514Z,0.45,40,yes,f4673ef5-722a-7a6e-e51d-a228e0d7e481
KXNCAAFSPREAD-25NOV08OREIOWA-ORE6,2025-11-08T20:28:52.986514Z,0.45,392,yes,b2cc495c-ae2d-73e3-f5a4-2524ec6eec92
KXNCAAFSPREAD-25NOV08OREIOWA-ORE6,2025-11-08T20:28:52.986514Z,0.45,102,yes,7a5b72b3-1f7a-711f-c69f-c1feaabb88e4
KXNCAAFSPREAD-25NOV08OREIOWA-ORE6,2025-11-08T20:28:17.913107Z,0.43,42,no,59b7d134-ed59-7cf9-57ab-2a79c53b8e94
KXNCAAFSPREAD-25NOV08OREIOWA-ORE6,2025-11-08T20:24:32.783607Z,0.43,85,no,c9889b74-0c29-4309-0226-1e461e98a954
KXNCAAFSPREAD-25NOV08OREIOWA-ORE6,2025-11-08T20:24:05.595093Z,0.43,17,no,9dbdfb3f-3df5-6a7d-d5d7-6fe903241418
KXNCAAFSPREAD-25NOV08OREIOWA-ORE6,2025-11-08T20:23:39.187439Z,0.43,241,no,3ed7bdde-d595-5ee1-0e81-9a3354fa4adc
KXNCAAFSPREAD-25NOV08OREIOWA-ORE6,2025-11-08T20:22:09.255294Z,0.45,42,yes,db33c45b-eb1c-4ad7-ced6-936502bd9a95
KXNCAAFSPREAD-25NOV08OREIOWA-ORE6,2025-11-08T20:21:09.328398Z,0.45,2,yes,84af3726-8d14-6a37-2d02-c16f4709dfd1
KXNCAAFSPREAD-25NOV08OREIOWA-ORE6,2025-11-08T20:21:01.464137Z,0.44,10,no,edab423f-d7e3-7f60-df2d-83c61e3cd357
KXNCAAFSPREAD-25NOV08OREIOWA-ORE6,2025-11-08T20:21:01.464137Z,0.43,160,no,d5cd09d3-bb88-71e1-f96f-95238b603103
KXNCAAFSPREAD-25NOV08OREIOWA-ORE6,2025-11-08T20:19:22.276373Z,0.45,3,yes,337df940-6314-76f3-63c3-7483cb02793d
KXNCAAFSPREAD-25NOV08OREIOWA-ORE6,2025-11-08T20:19:09.295533Z,0.45,19,yes,add89e4f-31f4-6733-788b-c8de091d343d
KXNCAAFSPREAD-25NOV08OREIOWA-ORE6,2025-11-08T20:18:58.013193Z,0.45,53,yes,eb9ced2c-8108-77cf-91de-af70bf918391
KXNCAAFSPREAD-25NOV08OREIOWA-ORE6,2025-11-08T20:18:33.845193Z,0.45,106,yes,f8bc6bcb-3c94-73fb-530f-70d4a71f5081
KXNCAAFSPREAD-25NOV08OREIOWA-ORE6,2025-11-08T20:18:16.444449Z,0.45,53,yes,95e3d0b2-ce20-7797-1be4-284290d69ef1
KXNCAAFSPREAD-25NOV08OREIOWA-ORE6,2025-11-08T20:17:56.104594Z,0.45,54,yes,2dda1006-6608-7f07-3e26-ff8d71e76cf9
KXNCAAFSPREAD-25NOV08OREIOWA-ORE6,2025-11-08T20:17:22.306099Z,0.45,1,yes,22635ac1-9108-542f-a7a7-66f4575afb7d
KXNCAAFSPREAD-25NOV08OREIOWA-ORE6,2025-11-08T20:16:35.103009Z,0.45,748,yes,10d4afbf-c998-576f-69c7-b65415555885
KXNCAAFSPREAD-25NOV08OREIOWA-ORE6,2025-11-08T20:16:26.415846Z,0.45,42,yes,6ca7b143-5398-4a0f-84a3-452114152b4d
KXNCAAFSPREAD-25NOV08OREIOWA-ORE6,2025-11-08T20:16:22.795396Z,0.45,4,yes,c752c5de-e290-56e3-a0f8-eb5d687afaa1
KXNCAAFSPREAD-25NOV08OREIOWA-ORE6,2025-11-08T20:16:12.014579Z,0.44,8,no,155287d4-b566-6476-ddeb-c1bc2b322cb0
KXNCAAFSPREAD-25NOV08OREIOWA-ORE6,2025-11-08T20:14:30.371867Z,0.45,21,yes,958fed56-af90-5763-8a0e-4b38e2ab6279
KXNCAAFSPREAD-25NOV08OREIOWA-ORE6,2025-11-08T20:14:18.562362Z,0.45,21,yes,ae5c59c3-85c4-7a3f-8036-037b99c07ef5
KXNCAAFSPREAD-25NOV08OREIOWA-ORE6,2025-11-08T20:12:19.217565Z,0.45,10,yes,e40754a2-b2cc-574b-ae46-d9d691a1f05d
KXNCAAFSPREAD-25NOV08OREIOWA-ORE6,2025-11-08T20:10:28.352182Z,0.45,511,yes,c9eb19f8-fbd4-4db7-6b44-9393329329e1
KXNCAAFSPREAD-25NOV08OREIOWA-ORE6,2025-11-08T20:10:12.903773Z,0.45,213,yes,3a035518-ca48-7f67-4589-caf8b4299fc1
KXNCAAFSPREAD-25NOV08OREIOWA-ORE6,2025-11-08T20:08:52.582815Z,0.45,21,yes,02897091-c798-4017-d8d1-be46787dd639
KXNCAAFSPREAD-25NOV08OREIOWA-ORE6,2025-11-08T20:07:57.376728Z,0.45,62,yes,ca632315-27ec-59c3-858b-a9a4a3567699
KXNCAAFSPREAD-25NOV08OREIOWA-ORE6,2025-11-08T20:07:00.577576Z,0.45,250,yes,aaa5fa91-4230-52ef-23f4-3a948358bac5
KXNCAAFSPREAD-25NOV08OREIOWA-ORE6,2025-11-08T20:06:53.337776Z,0.45,106,yes,e05d1768-296c-7127-5d92-4089cfe7607d
KXNCAAFSPREAD-25NOV08OREIOWA-ORE6,2025-11-08T20:06:12.804748Z,0.44,441,yes,3914b729-44a0-4dc2-bca3-7e532b3ac492
KXNCAAFSPREAD-25NOV08OREIOWA-ORE6,2025-11-08T20:05:59.736588Z,0.43,76,no,ff34c3ac-cbef-5a40-2568-32815a3f5c11
KXNCAAFSPREAD-25NOV08OREIOWA-ORE6,2025-11-08T20:05:59.736588Z,0.42,318,no,fda96241-cbfe-5d6e-0f9b-c674b1413c3a
KXNCAAFSPREAD-25NOV08OREIOWA-ORE6,2025-11-08T20:05:59.736588Z,0.42,24,no,e6afa801-289d-5760-188b-29d2869a1877
KXNCAAFSPREAD-25NOV08OREIOWA-ORE6,2025-11-08T20:05:59.736588Z,0.43,10,no,b16ef2a7-b21f-5e51-0ba8-9db4827cd10b
KXNCAAFSPREAD-25NOV08OREIOWA-ORE6,2025-11-08T20:05:24.663829Z,0.44,80,yes,ae48ba96-c3ba-6763-c789-68da26d7f685
KXNCAAFSPREAD-25NOV08OREIOWA-ORE6,2025-11-08T20:05:24.663829Z,0.44,1217,yes,69161098-5768-69a3-de78-4d4a75d66e7e
KXNCAAFSPREAD-25NOV08OREIOWA-ORE6,2025-11-08T20:05:24.663829Z,0.44,3076,yes,3b9f5e86-a210-607a-de1d-8bdefaa4fb5a
KXNCAAFSPREAD-25NOV08OREIOWA-ORE6,2025-11-08T20:04:57.256637Z,0.44,9,no,89fdcbf3-ffc4-5d7e-2ec2-c6deb5fa21b8
KXNCAAFSPREAD-25NOV08OREIOWA-ORE6,2025-11-08T20:03:41.068726Z,0.45,1048,yes,a8159efb-ded8-74e3-d758-3f46938fbc65
KXNCAAFSPREAD-25NOV08OREIOWA-ORE6,2025-11-08T20:03:26.706823Z,0.45,53,yes,19436ba8-dddc-69f3-9487-4e8aae9f0d35
KXNCAAFSPREAD-25NOV08OREIOWA-ORE6,2025-11-08T20:03:09.761578Z,0.45,106,yes,f4216058-affc-4c2f-df3e-91f6e7f966d5
KXNCAAFSPREAD-25NOV08OREIOWA-ORE6,2025-11-08T20:02:33.020577Z,0.44,1,no,5611d562-0bdc-608a-3efc-5ef8864023fc
KXNCAAFSPREAD-25NOV08OREIOWA-ORE6,2025-11-08T20:00:42.251561Z,0.43,10,no,e9c394a8-d23b-6830-83e6-8b76211ebf6d
KXNCAAFSPREAD-25NOV08OREIOWA-ORE6,2025-11-08T20:00:42.251561Z,0.44,10,no,d57ddbcb-e52e-6273-a561-85be0d3a983a
KXNCAAFSPREAD-25NOV08OREIOWA-ORE6,2025-11-08T20:00:23.755114Z,0.43,8,no,ab053257-c41b-5efc-23f0-8ec5ae41c94d
KXNCAAFSPREAD-25NOV08OREIOWA-ORE6,2025-11-08T20:00:23.755114Z,0.44,10,no,12582511-6cf5-56dd-17cf-de59110ab4f0
KXNCAAFSPREAD-25NOV08OREIOWA-ORE6,2025-11-08T19:59:43.66751Z,0.45,53,yes,84fe3192-8584-79df-b405-c750082a379d
KXNCAAFSPREAD-25NOV08OREIOWA-ORE6,2025-11-08T19:59:39.167465Z,0.44,54,no,dfafaacb-a0b3-5d69-f08f-0f157509b228
KXNCAAFSPREAD-25NOV08OREIOWA-ORE6,2025-11-08T19:59:39.167465Z,0.43,6,no,55cf33fd-6ae7-50f8-e353-6fdcb025db55
KXNCAAFSPREAD-25NOV08OREIOWA-ORE6,2025-11-08T19:59:39.167465Z,0.44,10,no,341019de-81ae-5ec5-db30-f21efd7f6f17
KXNCAAFSPREAD-25NOV08OREIOWA-ORE6,2025-11-08T19:57:22.345503Z,0.44,308,no,aa9119e2-70bf-7f05-f182-c5181c2a53c4
KXNCAAFSPREAD-25NOV08OREIOWA-ORE6,2025-11-08T19:57:16.123315Z,0.45,32,yes,98955403-9c30-684f-ec15-4a89dba14c61
KXNCAAFSPREAD-25NOV08OREIOWA-ORE6,2025-11-08T19:55:03.342056Z,0.44,95,no,f99467eb-90bb-5179-bfa3-fad5c923ea8c
KXNCAAFSPREAD-25NOV08OREIOWA-ORE6,2025-11-08T19:54:42.729388Z,0.45,105,yes,cd1575b8-9954-522b-4d23-5f867726d5b9
KXNCAAFSPREAD-25NOV08OREIOWA-ORE6,2025-11-08T19:52:42.403064Z,0.45,158,yes,8a43cd57-7362-6069-af38-b2e8c8f1bfae
KXNCAAFSPREAD-25NOV08OREIOWA-ORE6,2025-11-08T19:52:42.403064Z,0.45,55,yes,87ac60dd-d414-63d7-9397-e3da3ec884e9
KXNCAAFSPREAD-25NOV08OREIOWA-ORE6,2025-11-08T19:52:36.117832Z,0.45,30,yes,da9a9a84-904a-4f11-6da5-12e8b25a970e
KXNCAAFSPREAD-25NOV08OREIOWA-ORE6,2025-11-08T19:48:24.900609Z,0.45,42,yes,c8210cc9-bbce-4f25-36b7-244d82632fd2
KXNCAAFSPREAD-25NOV08OREIOWA-ORE6,2025-11-08T19:46:40.056191Z,0.45,225,yes,91a496c2-01c2-4b6d-66d3-5de24ec342be
KXNCAAFSPREAD-25NOV08OREIOWA-ORE6,2025-11-08T19:45:38.32977Z,0.45,43,yes,442c33ca-1c1a-4ccd-c559-7cd3b0be62a2
KXNCAAFSPREAD-25NOV08OREIOWA-ORE6,2025-11-08T19:45:00.463401Z,0.44,34,no,06c799eb-29db-6769-90ad-cd47acf9d91c
KXNCAAFSPREAD-25NOV08OREIOWA-ORE6,2025-11-08T19:44:11.718728Z,0.45,47,yes,c5d35c68-dd32-547d-bfdf-f0c2bef53f9e
KXNCAAFSPREAD-25NOV08OREIOWA-ORE6,2025-11-08T19:42:08.370959Z,0.44,399,no,ed465c9a-113b-6219-8254-e0010a3a2184
KXNCAAFSPREAD-25NOV08OREIOWA-ORE6,2025-11-08T19:41:52.131134Z,0.45,14,yes,94caca45-208e-5891-b288-2e8b4197d722
KXNCAAFSPREAD-25NOV08OREIOWA-ORE6,2025-11-08T19:41:09.433808Z,0.45,21,yes,029f2233-6cb6-48d1-d07d-69b990a91c32
KXNCAAFSPREAD-25NOV08OREIOWA-ORE6,2025-11-08T19:41:01.538952Z,0.45,21,yes,b9032aa1-2b2e-4fb9-203c-a6672814edf6
KXNCAAFSPREAD-25NOV08OREIOWA-ORE6,2025-11-08T19:40:41.698958Z,0.44,17,no,70fafbb2-b283-40e1-ef2e-083c33c11728
KXNCAAFSPREAD-25NOV08OREIOWA-ORE6,2025-11-08T19:40:00.211682Z,0.45,213,yes,63fd42a6-195e-52b5-43ea-69a08a075bfa
KXNCAAFSPREAD-25NOV08OREIOWA-ORE6,2025-11-08T19:39:07.877132Z,0.44,25,no,3720be1e-4fc7-7e51-7d79-1cfe2047c7a4
KXNCAAFSPREAD-25NOV08OREIOWA-ORE6,2025-11-08T19:39:00.163784Z,0.45,85,yes,d63deb50-78a6-42f1-db54-31c7731d8efe
KXNCAAFSPREAD-25NOV08OREIOWA-ORE6,2025-11-08T19:38:47.863848Z,0.44,86,no,58359c8a-eb0f-434d-f839-d676af6ee84c
KXNCAAFSPREAD-25NOV08OREIOWA-ORE6,2025-11-08T19:38:01.695955Z,0.45,10,yes,5da6875e-678a-56c5-6ec1-6b1dd135db7a
KXNCAAFSPREAD-25NOV08OREIOWA-ORE6,2025-11-08T19:37:43.806208Z,0.44,43,no,9dea8237-a057-6951-da25-2ae79b68da68
KXNCAAFSPREAD-25NOV08OREIOWA-ORE6,2025-11-08T19:36:55.430759Z,0.44,30,no,a4866518-1e93-4049-28b3-3262f343ca20
KXNCAAFSPREAD-25NOV08OREIOWA-ORE6,2025-11-08T19:35:32.683634Z,0.44,45,no,bb9ed69c-2beb-5109-0147-48452da2a008
KXNCAAFSPREAD-25NOV08OREIOWA-ORE6,2025-11-08T19:34:00.964191Z,0.44,17,no,ce68f489-4583-4171-9939-85aeb9e14c44
KXNCAAFSPREAD-25NOV08OREIOWA-ORE6,2025-11-08T19:33:27.57943Z,0.44,25,no,d77ea765-cb77-4de5-69e8-eab751eb88a8
KXNCAAFSPREAD-25NOV08OREIOWA-ORE6,2025-11-08T19:33:00.802767Z,0.44,173,no,dd1e603f-d75f-5615-f9d7-73ee1ec04a1c
KXNCAAFSPREAD-25NOV08OREIOWA-ORE6,2025-11-08T19:29:44.960355Z,0.45,10,yes,1fe01fcd-7010-62e6-eed2-7d66c8a7feff
KXNCAAFSPREAD-25NOV08OREIOWA-ORE6,2025-11-08T19:29:15.420368Z,0.45,10,yes,3ece8909-23ec-5d66-6a47-d9411dab7bd7
KXNCAAFSPREAD-25NOV08OREIOWA-ORE6,2025-11-08T19:28:19.521346Z,0.45,1459,yes,bfc7ea2a-2854-696a-c324-1f9c669de9b3
KXNCAAFSPREAD-25NOV08OREIOWA-ORE6,2025-11-08T19:27:46.415076Z,0.45,42,yes,ec499882-f3d0-495e-2af9-f2c13398f0c3
KXNCAAFSPREAD-25NOV08OREIOWA-ORE6,2025-11-08T19:26:47.71492Z,0.45,42,yes,9cf800ce-bac0-49c2-2eb7-17e711821aff
KXNCAAFSPREAD-25NOV08OREIOWA-ORE6,2025-11-08T19:25:48.941639Z,0.45,21,yes,bf0a3e57-8008-578a-3c2b-d3113c9f9db3
KXNCAAFSPREAD-25NOV08OREIOWA-ORE6,2025-11-08T19:24:24.391279Z,0.45,138,yes,f220bcc6-e510-79f2-ea82-aa574a331f0f
KXNCAAFSPREAD-25NOV08OREIOWA-ORE6,2025-11-08T19:23:57.704339Z,0.45,64,yes,e8163b6d-66f8-7f36-c51e-c68fe5c1715b
KXNCAAFSPREAD-25NOV08OREIOWA-ORE6,2025-11-08T19:23:41.334345Z,0.45,10,yes,8f3bcdf6-d370-56da-a35e-3e943dd8327f
KXNCAAFSPREAD-25NOV08OREIOWA-ORE6,2025-11-08T19:23:31.205762Z,0.45,42,yes,5d8e5e37-46bc-708e-3c15-264518828adb
KXNCAAFSPREAD-25NOV08OREIOWA-ORE6,2025-11-08T19:22:45.245063Z,0.45,10,yes,a2bc48d6-9e78-66ce-cef7-701c21952d23
KXNCAAFSPREAD-25NOV08OREIOWA-ORE6,2025-11-08T19:22:43.009021Z,0.45,100,yes,cf3273a7-fdf8-48a2-f842-764db497e14b
KXNCAAFSPREAD-25NOV08OREIOWA-ORE6,2025-11-08T19:22:18.264539Z,0.44,34,no,32194a74-ccdf-63dd-5005-6527f7871f08
KXNCAAFSPREAD-25NOV08OREIOWA-ORE6,2025-11-08T19:19:35.453933Z,0.45,21,yes,9f051307-2120-4716-1bcd-9d1e411b051b
KXNCAAFSPREAD-25NOV08OREIOWA-ORE6,2025-11-08T19:19:04.135164Z,0.45,12,yes,c9cd07b6-0c10-7db2-aa71-1acc837ec0ff
KXNCAAFSPREAD-25NOV08OREIOWA-ORE6,2025-11-08T19:19:03.211854Z,0.45,21,yes,3897709c-f804-4cc2-b798-7ae02ee99d5b
KXNCAAFSPREAD-25NOV08OREIOWA-ORE6,2025-11-08T19:19:01.451899Z,0.44,8,no,798e6ffb-c58b-4ef1-d107-a8816e4de8d8
KXNCAAFSPREAD-25NOV08OREIOWA-ORE6,2025-11-08T19:18:57.423252Z,0.44,433,no,26bac848-691f-5165-37f7-4b8b99b85b50
KXNCAAFSPREAD-25NOV08OREIOWA-ORE6,2025-11-08T19:17:19.865177Z,0.45,53,yes,ac12940e-452c-617a-474d-15b76672441b
KXNCAAFSPREAD-25NOV08OREIOWA-ORE6,2025-11-08T19:16:43.485868Z,0.45,8,yes,2b7831eb-a640-7df2-1fda-d997c31b538f
KXNCAAFSPREAD-25NOV08OREIOWA-ORE6,2025-11-08T19:16:35.258306Z,0.45,7,yes,9be2b81c-04dc-720a-3986-0abb87469b67
KXNCAAFSPREAD-25NOV08OREIOWA-ORE6,2025-11-08T19:16:09.000042Z,0.45,3,yes,24712d3e-e350-704a-1cbc-9c434c1d7d6b
KXNCAAFSPREAD-25NOV08OREIOWA-ORE6,2025-11-08T19:14:51.393467Z,0.45,51,yes,40bf9387-a75c-5f96-777e-fc28cf14d017
KXNCAAFSPREAD-25NOV08OREIOWA-ORE6,2025-11-08T19:13:38.994284Z,0.44,1,no,8087cb6c-0813-6879-fb55-e10af619db70
KXNCAAFSPREAD-25NOV08OREIOWA-ORE6,2025-11-08T19:13:31.907231Z,0.44,173,no,a2fc3000-5bb3-512d-029a-52bebfcc1204
KXNCAAFSPREAD-25NOV08OREIOWA-ORE6,2025-11-08T19:12:17.989977Z,0.45,160,yes,381687f6-365c-6a4a-cb7a-5d330948a5d3
KXNCAAFSPREAD-25NOV08OREIOWA-ORE6,2025-11-08T19:08:16.425965Z,0.45,92,yes,bb232bf8-479c-7d76-d7d8-6f78f7c4566f
KXNCAAFSPREAD-25NOV08OREIOWA-ORE6,2025-11-08T19:05:15.354592Z,0.45,213,yes,8db74503-ae90-51be-3a34-1ca57484cd93
KXNCAAFSPREAD-25NOV08OREIOWA-ORE6,2025-11-08T19:02:31.30052Z,0.45,106,yes,6168921a-2a8c-4c62-3fed-d41c011c7e7b
KXNCAAFSPREAD-25NOV08OREIOWA-ORE6,2025-11-08T19:01:06.708909Z,0.45,21,yes,b0881ee1-c3f0-704e-6673-0b7a572384a3
KXNCAAFSPREAD-25NOV08OREIOWA-ORE6,2025-11-08T18:59:32.843084Z,0.45,213,yes,18ff62ec-90d4-42f6-0ba9-1ee78ff090b3
KXNCAAFSPREAD-25NOV08OREIOWA-ORE6,2025-11-08T18:58:43.78586Z,0.45,106,yes,4475480f-a074-7876-604f-8eb649930327
KXNCAAFSPREAD-25NOV08OREIOWA-ORE6,2025-11-08T18:54:35.252408Z,0.46,209,yes,bd1f0209-229d-477b-6906-a313923d172c
KXNCAAFSPREAD-25NOV08OREIOWA-ORE6,2025-11-08T18:54:22.089911Z,0.45,20,no,dfe0a5ac-a799-6a4c-b2e7-f9a95aff5944
KXNCAAFSPREAD-25NOV08OREIOWA-ORE6,2025-11-08T18:54:06.436584Z,0.46,31,yes,79f33392-2fa5-6e13-21bd-7afa49e9dce4
KXNCAAFSPREAD-25NOV08OREIOWA-ORE6,2025-11-08T18:53:03.695337Z,0.46,20,yes,3acd2b73-9e81-67d3-9f7b-72e8f308bee0
KXNCAAFSPREAD-25NOV08OREIOWA-ORE6,2025-11-08T18:52:43.876516Z,0.46,20,yes,bb19b93a-d475-73ff-7fdf-1e28be888a04
KXNCAAFSPREAD-25NOV08OREIOWA-ORE6,2025-11-08T18:51:30.964861Z,0.44,43,no,a708eb5d-ac40-7982-d35d-f5baeb89b1d9
KXNCAAFSPREAD-25NOV08OREIOWA-ORE6,2025-11-08T18:50:51.787693Z,0.46,125,yes,8a69d7ea-f005-68ab-133d-d8caf3c39234
KXNCAAFSPREAD-25NOV08OREIOWA-ORE6,2025-11-08T18:49:33.095932Z,0.44,87,no,fe4ec834-f970-5096-22c6-969559753969
KXNCAAFSPREAD-25NOV08OREIOWA-ORE6,2025-11-08T18:48:53.995241Z,0.46,209,yes,3ec5ab70-3db1-6603-3041-d8a3f66dd554
KXNCAAFSPREAD-25NOV08OREIOWA-ORE6,2025-11-08T18:48:37.871924Z,0.46,20,yes,bf041baa-4a3d-420f-233e-a0895020d710
KXNCAAFSPREAD-25NOV08OREIOWA-ORE6,2025-11-08T18:48:15.498524Z,0.46,104,yes,63166f6a-7615-5f1f-dcab-b0a6c00d0668
KXNCAAFSPREAD-25NOV08OREIOWA-ORE6,2025-11-08T18:47:39.548298Z,0.45,10,no,f1dff626-c727-445f-416d-15955dfbc83b
KXNCAAFSPREAD-25NOV08OREIOWA-ORE6,2025-11-08T18:47:39.548298Z,0.44,24,no,dec9a954-1318-4706-40e6-80ff19c42955
KXNCAAFSPREAD-25NOV08OREIOWA-ORE6,2025-11-08T18:46:59.985008Z,0.47,10,yes,18b13820-9266-5d4d-ef7a-b9a7fd568940
KXNCAAFSPREAD-25NOV08OREIOWA-ORE6,2025-11-08T18:46:21.504208Z,0.47,218,yes,d5bdbeb6-7db6-5715-df5a-f777c8a7523c
KXNCAAFSPREAD-25NOV08OREIOWA-ORE6,2025-11-08T18:46:21.504208Z,0.47,43,yes,464ed330-1dac-53d5-ccaf-4c45d694fcc4
KXNCAAFSPREAD-25NOV08OREIOWA-ORE6,2025-11-08T18:45:28.827078Z,0.47,11,yes,1742e698-6270-61e5-5f33-334f6bd335a8
KXNCAAFSPREAD-25NOV08OREIOWA-ORE6,2025-11-08T18:45:27.656892Z,0.47,20,yes,564f2e02-5ea0-7255-34e9-c54f80111010
KXNCAAFSPREAD-25NOV08OREIOWA-ORE6,2025-11-08T18:44:46.321466Z,0.47,12,yes,6ad76fb8-b294-4e5d-f11d-afae96aa624c
KXNCAAFSPREAD-25NOV08OREIOWA-ORE6,2025-11-08T18:43:11.311096Z,0.44,76,no,823e1766-ae98-6ebe-09f5-6973b6cc52f9
KXNCAAFSPREAD-25NOV08OREIOWA-ORE6,2025-11-08T18:43:11.311096Z,0.46,10,no,7b447d21-fac5-6971-0f09-c31a0ded1588
KXNCAAFSPREAD-25NOV08OREIOWA-ORE6,2025-11-08T18:41:48.780956Z,0.47,20,yes,5d004a5e-2068-457d-ec51-c4ad68de29ac
KXNCAAFSPREAD-25NOV08OREIOWA-ORE6,2025-11-08T18:40:18.016635Z,0.44,37,no,ecd7bc4b-e4ec-76ea-788e-85a47218b691
KXNCAAFSPREAD-25NOV08OREIOWA-ORE6,2025-11-08T18:40:18.016635Z,0.46,10,no,84022a81-35f0-7558-6406-2eb405aa19f9
KXNCAAFSPREAD-25NOV08OREIOWA-ORE6,2025-11-08T18:40:13.654127Z,0.44,387,no,9fe2625e-a39c-5c0e-e3f4-82ffc677a86d
KXNCAAFSPREAD-25NOV08OREIOWA-ORE6,2025-11-08T18:40:13.654127Z,0.47,211,no,6f91b9e0-d133-5388-e31c-d59eed78d33f
KXNCAAFSPREAD-25NOV08OREIOWA-ORE6,2025-11-08T18:40:13.654127Z,0.46,10,no,5f6d2f43-64b9-5ba0-e400-c3d1dd58bb12
KXNCAAFSPREAD-25NOV08OREIOWA-ORE6,2025-11-08T18:40:13.654127Z,0.46,100,no,41253aa2-d5aa-5426-c80d-94570c1eb159
KXNCAAFSPREAD-25NOV08OREIOWA-ORE6,2025-11-08T18:36:45.311192Z,0.47,91,no,b3bb5977-200f-40ec-4f0d-39471e4553b3
KXNCAAFSPREAD-25NOV08OREIOWA-ORE6,2025-11-08T18:35:54.895035Z,0.47,2,no,9dddbdb0-dbe7-6b00-3f02-a406df045563
KXNCAAFSPREAD-25NOV08OREIOWA-ORE6,2025-11-08T18:35:07.024194Z,0.48,30,yes,98bf4f3c-64f0-5b25-eb79-c030e7bce60e
KXNCAAFSPREAD-25NOV08OREIOWA-ORE6,2025-11-08T18:34:22.914416Z,0.47,36,no,e393b0fb-f523-534c-4285-00e9e7cb22bf
KXNCAAFSPREAD-25NOV08OREIOWA-ORE6,2025-11-08T18:33:22.394423Z,0.48,40,yes,6ecba03f-0f3c-4ed9-0813-fe58dac3d75a
KXNCAAFSPREAD-25NOV08OREIOWA-ORE6,2025-11-08T18:31:37.333543Z,0.48,49,yes,e0199b71-9954-4979-0761-d128ea095d02
KXNCAAFSPREAD-25NOV08OREIOWA-ORE6,2025-11-08T18:31:07.63639Z,0.48,10,yes,57a96e82-24e8-6ec5-178e-81c7949c02c2
KXNCAAFSPREAD-25NOV08OREIOWA-ORE6,2025-11-08T18:31:01.774939Z,0.47,45,no,09b3bf19-ab43-6bdc-ac8b-45687430fc13
KXNCAAFSPREAD-25NOV08OREIOWA-ORE6,2025-11-08T18:30:23.85576Z,0.47,179,no,58e99abe-b967-4680-6408-27e1246cab4b
KXNCAAFSPREAD-25NOV08OREIOWA-ORE6,2025-11-08T18:28:05.055947Z,0.47,16,no,c0c83107-e9cf-40e4-9e5f-6133f91a5aa3
KXNCAAFSPREAD-25NOV08OREIOWA-ORE6,2025-11-08T18:27:19.992983Z,0.48,10,yes,744317b3-27f4-47f5-9f2d-9cd201137e86
KXNCAAFSPREAD-25NOV08OREIOWA-ORE6,2025-11-08T18:26:34.72363Z,0.48,10,yes,40b9976a-2e68-5521-66dd-219caeb86ac2
KXNCAAFSPREAD-25NOV08OREIOWA-ORE6,2025-11-08T18:24:57.644997Z,0.48,41,yes,612d7f4c-7a64-78f1-f752-09f464aa1406
KXNCAAFSPREAD-25NOV08OREIOWA-ORE6,2025-11-08T18:17:48.922917Z,0.47,109,no,77a28d1b-4c52-7dc0-0228-dcdc95e5951a
KXNCAAFSPREAD-25NOV08OREIOWA-ORE6,2025-11-08T18:14:39.899961Z,0.48,502,yes,f48f4007-3570-4c51-6d3f-52e247a1504a
KXNCAAFSPREAD-25NOV08OREIOWA-ORE6,2025-11-08T18:13:16.23499Z,0.47,92,no,43a8ffb3-6fbe-5af8-7a26-c1fb1b0f6aa2
KXNCAAFSPREAD-25NOV08OREIOWA-ORE6,2025-11-08T18:11:46.894305Z,0.47,24,no,92db4601-b922-5e8c-d0a8-3f709023deb6
KXNCAAFSPREAD-25NOV08OREIOWA-ORE6,2025-11-08T18:11:13.500257Z,0.48,10,yes,70d88433-dd48-46a1-3a61-5c6924e356ba
KXNCAAFSPREAD-25NOV08OREIOWA-ORE6,2025-11-08T18:08:14.997439Z,0.48,98,yes,2bd00fca-f388-7fdd-8dcd-237858a050de
KXNCAAFSPREAD-25NOV08OREIOWA-ORE6,2025-11-08T18:07:58.987521Z,0.47,4,no,b570e13f-80ce-42e8-8196-ea3d46c996ae
KXNCAAFSPREAD-25NOV08OREIOWA-ORE6,2025-11-08T18:06:53.042956Z,0.48,10,yes,d5252e2f-71c0-44c1-c1e9-aca58c6ba03a
KXNCAAFSPREAD-25NOV08OREIOWA-ORE6,2025-11-08T18:06:15.083223Z,0.47,449,no,8a607d46-1d76-50fc-aa3e-6af1640de72e
KXNCAAFSPREAD-25NOV08OREIOWA-ORE6,2025-11-08T18:03:44.726544Z,0.47,91,no,81241959-40f2-4fb0-b9e9-9d51b6d841da
KXNCAAFSPREAD-25NOV08OREIOWA-ORE6,2025-11-08T18:02:18.817451Z,0.48,8,yes,d9d5fcea-3b48-4d19-e8bb-ed48c63f0586
KXNCAAFSPREAD-25NOV08OREIOWA-ORE6,2025-11-08T18:01:45.076819Z,0.48,6,yes,47ce636c-bec0-5ad1-bfb4-c5a0fd5ba1e6
KXNCAAFSPREAD-25NOV08OREIOWA-ORE6,2025-11-08T18:00:52.0176Z,0.48,1,yes,0fb46406-a3d8-522d-4687-c7409b2e9efa
KXNCAAFSPREAD-25NOV08OREIOWA-ORE6,2025-11-08T17:59:35.558612Z,0.48,8,yes,2120a87e-a70c-6885-3626-459cf57351ce
KXNCAAFSPREAD-25NOV08OREIOWA-ORE6,2025-11-08T17:59:28.55655Z,0.48,98,yes,1d76b6ab-a730-71a5-bba7-4d715a09de4e
KXNCAAFSPREAD-25NOV08OREIOWA-ORE6,2025-11-08T17:59:12.282564Z,0.48,40,yes,25e9da7a-aae8-4189-235c-deabb384d6ca
KXNCAAFSPREAD-25NOV08OREIOWA-ORE6,2025-11-08T17:59:10.666413Z,0.48,68,yes,fe80a98a-c6e4-67c5-c72a-be2f0ae845a2
KXNCAAFSPREAD-25NOV08OREIOWA-ORE6,2025-11-08T17:53:16.191969Z,0.48,10,yes,679be249-b1a4-549d-f1ee-ca6b028b2fd6
KXNCAAFSPREAD-25NOV08OREIOWA-ORE6,2025-11-08T17:53:04.804629Z,0.48,40,yes,fcc80ab8-1714-6d81-7ee4-ce3d8a165daa
KXNCAAFSPREAD-25NOV08OREIOWA-ORE6,2025-11-08T17:51:38.031223Z,0.47,45,no,539b288f-a2fe-6198-e39e-51ab0f0769de
KXNCAAFSPREAD-25NOV08OREIOWA-ORE6,2025-11-08T17:51:18.056028Z,0.48,60,yes,0c476666-5448-6321-b3c6-11d675c287ee
KXNCAAFSPREAD-25NOV08OREIOWA-ORE6,2025-11-08T17:47:00.252624Z,0.47,295,no,bd5c4ab4-2eba-700c-f993-ae80cb4760a2
KXNCAAFSPREAD-25NOV08OREIOWA-ORE6,2025-11-08T17:46:38.337176Z,0.48,10,yes,ed90a7ba-92a8-5c8d-ab4d-fb381b3c4a06
KXNCAAFSPREAD-25NOV08OREIOWA-ORE6,2025-11-08T17:44:53.11564Z,0.48,20,yes,5ecf8951-3b68-5095-fcd3-62b7b5bff672
KXNCAAFSPREAD-25NOV08OREIOWA-ORE6,2025-11-08T17:44:30.982066Z,0.47,9,no,0027fd40-800a-7290-ce18-5d6885c2d8da
KXNCAAFSPREAD-25NOV08OREIOWA-ORE6,2025-11-08T17:41:51.026447Z,0.48,40,yes,210b0bdf-7db4-5915-86ac-89307ccdbdde
KXNCAAFSPREAD-25NOV08OREIOWA-ORE6,2025-11-08T17:39:50.474527Z,0.48,201,yes,d411c708-6910-6171-7289-628ee1af49e6
KXNCAAFSPREAD-25NOV08OREIOWA-ORE6,2025-11-08T17:38:52.72347Z,0.48,10,yes,7f6c7a09-a2f0-7581-448b-38ac966e757e
KXNCAAFSPREAD-25NOV08OREIOWA-ORE6,2025-11-08T17:37:39.771597Z,0.48,100,yes,6981bd1d-fa38-6d8d-3320-81fe8fb40c3e
KXNCAAFSPREAD-25NOV08OREIOWA-ORE6,2025-11-08T17:36:59.858358Z,0.47,18,no,02972bd5-075e-5e58-ff5f-9eb672815ba2
KXNCAAFSPREAD-25NOV08OREIOWA-ORE6,2025-11-08T17:35:28.096405Z,0.48,20,yes,9770b48b-ecec-7721-c862-78500692c436
KXNCAAFSPREAD-25NOV08OREIOWA-ORE6,2025-11-08T17:34:39.897045Z,0.47,6,no,b0b57749-b7b6-5a80-b25a-6c698da1354e
KXNCAAFSPREAD-25NOV08OREIOWA-ORE6,2025-11-08T17:30:59.183457Z,0.47,91,no,b1f2f5ae-b84a-472c-25a4-1d3229a91d36
KXNCAAFSPREAD-25NOV08OREIOWA-ORE6,2025-11-08T17:30:36.064953Z,0.48,22,yes,0d544dac-0260-6579-82a6-e7b287c475a6
KXNCAAFSPREAD-25NOV08OREIOWA-ORE6,2025-11-08T17:24:55.893117Z,0.47,444,no,dd98d2b5-7ae2-46b0-42f5-ab329114d882
KXNCAAFSPREAD-25NOV08OREIOWA-ORE6,2025-11-08T17:24:39.283924Z,0.47,9,no,0af74bae-860a-766c-bf8f-6c92b1bb7a1e
KXNCAAFSPREAD-25NOV08OREIOWA-ORE6,2025-11-08T17:22:25.377725Z,0.47,91,no,9aa5e06d-8296-6db0-93bd-fd221d133dba
KXNCAAFSPREAD-25NOV08OREIOWA-ORE6,2025-11-08T17:22:05.944939Z,0.47,25,no,b5fe033b-ef6e-7fb4-627d-de7f04d260c6
KXNCAAFSPREAD-25NOV08OREIOWA-ORE6,2025-11-08T17:21:13.089656Z,0.47,18,no,dea7fdc8-fd6a-6634-7679-20286abb1ba6
KXNCAAFSPREAD-25NOV08OREIOWA-ORE6,2025-11-08T17:20:58.235407Z,0.47,639,no,9c7a54eb-e926-505c-9773-7ae163a56dd2
KXNCAAFSPREAD-25NOV08OREIOWA-ORE6,2025-11-08T17:19:41.770916Z,0.47,274,no,24d8b587-264a-7e5c-f490-58983746890e
KXNCAAFSPREAD-25NOV08OREIOWA-ORE6,2025-11-08T17:18:00.614883Z,0.48,40,yes,098b51c1-7784-6529-aa31-e4c79fd92c36
KXNCAAFSPREAD-25NOV08OREIOWA-ORE6,2025-11-08T17:16:00.496388Z,0.47,91,no,11fc9a77-d3b2-5cd4-04f1-c739c29f5516
KXNCAAFSPREAD-25NOV08OREIOWA-ORE6,2025-11-08T17:15:30.065687Z,0.48,50,yes,4169f08b-77bc-411d-d4d9-e6a052f8ee56
KXNCAAFSPREAD-25NOV08OREIOWA-ORE6,2025-11-08T17:14:45.550424Z,0.48,50,yes,52c59f54-629c-4285-d499-3adcdcddf882
KXNCAAFSPREAD-25NOV08OREIOWA-ORE6,2025-11-08T17:12:18.955314Z,0.48,20,yes,e34535d3-861c-7e25-a44b-dbd2cdfe5182
KXNCAAFSPREAD-25NOV08OREIOWA-ORE6,2025-11-08T17:11:29.843521Z,0.47,12,no,51be0c2b-e7c6-54d0-3c75-483c727a296a
KXNCAAFSPREAD-25NOV08OREIOWA-ORE6,2025-11-08T17:10:55.45709Z,0.48,40,yes,b1c162eb-01fc-6ff9-7e99-ea29a848d20e
KXNCAAFSPREAD-25NOV08OREIOWA-ORE6,2025-11-08T17:10:13.629569Z,0.47,36,no,cfd526bc-0ce6-644c-e4fc-45f246549876
KXNCAAFSPREAD-25NOV08OREIOWA-ORE6,2025-11-08T17:10:00.344655Z,0.47,109,no,979e377d-d21a-41a8-79be-3141252106c2
KXNCAAFSPREAD-25NOV08OREIOWA-ORE6,2025-11-08T17:09:13.883288Z,0.48,20,yes,32aa9703-7f2a-52d9-3602-e8966563e852
KXNCAAFSPREAD-25NOV08OREIOWA-ORE6,2025-11-08T17:08:31.907357Z,0.47,18,no,0275936c-d376-6d78-eb67-6df67f6a877e
KXNCAAFSPREAD-25NOV08OREIOWA-ORE6,2025-11-08T17:07:13.000404Z,0.47,9,no,9568b40d-ae5a-5ef8-e239-b7abbba3412e
KXNCAAFSPREAD-25NOV08OREIOWA-ORE6,2025-11-08T17:07:00.209523Z,0.47,3,no,ea98c6ba-49ce-6dbc-3e7c-9daefcdb1932
KXNCAAFSPREAD-25NOV08OREIOWA-ORE6,2025-11-08T17:04:10.818789Z,0.47,124,no,cb7f7d50-3a46-5fc0-b172-4df02504ab06
KXNCAAFSPREAD-25NOV08OREIOWA-ORE6,2025-11-08T17:03:36.738887Z,0.48,18,yes,6083ea89-107e-79b1-4f33-d6eba6afda3a
KXNCAAFSPREAD-25NOV08OREIOWA-ORE6,2025-11-08T17:02:53.877226Z,0.48,100,yes,e2e0d9a8-9c6a-7d0d-4219-1af103f3e7da
KXNCAAFSPREAD-25NOV08OREIOWA-ORE6,2025-11-08T17:02:01.613919Z,0.48,6,yes,e150810e-4a42-4a29-21f4-6b5098bba9ae
KXNCAAFSPREAD-25NOV08OREIOWA-ORE6,2025-11-08T17:01:29.324654Z,0.48,6,yes,37a1bd8e-ccf2-70a1-3622-7dd559d4dd7e
KXNCAAFSPREAD-25NOV08OREIOWA-ORE6,2025-11-08T17:00:59.861968Z,0.48,40,yes,512f620c-c12a-4aed-283a-d84b0387d2a2
KXNCAAFSPREAD-25NOV08OREIOWA-ORE6,2025-11-08T17:00:49.351261Z,0.47,548,no,f138830e-4ffa-5320-3fca-7912d810fc6a
KXNCAAFSPREAD-25NOV08OREIOWA-ORE6,2025-11-08T17:00:18.3676Z,0.48,30,yes,ca4ce1b2-3322-4dd1-b895-56ffab304daa
KXNCAAFSPREAD-25NOV08OREIOWA-ORE6,2025-11-08T17:00:07.834882Z,0.48,50,yes,c1ac99aa-ddee-6965-6187-8a79407b75ea
KXNCAAFSPREAD-25NOV08OREIOWA-ORE6,2025-11-08T16:59:46.73124Z,0.48,10,yes,eaaedabc-543a-5c09-247c-2c4b3cdc9282
KXNCAAFSPREAD-25NOV08OREIOWA-ORE6,2025-11-08T16:58:25.050236Z,0.48,20,yes,ac050ad3-bcfe-6641-a633-0663abb8cf3e
KXNCAAFSPREAD-25NOV08OREIOWA-ORE6,2025-11-08T16:58:15.330596Z,0.47,45,no,c08ee438-cba6-4c5c-36f5-d0fe106c08f6
KXNCAAFSPREAD-25NOV08OREIOWA-ORE6,2025-11-08T16:58:09.567402Z,0.47,4566,no,54e08553-284e-7c04-d9d6-05a8657ec12a
KXNCAAFSPREAD-25NOV08OREIOWA-ORE6,2025-11-08T16:57:52.498745Z,0.48,201,yes,d58d460d-eec6-5699-41bd-484c2875470a
KXNCAAFSPREAD-25NOV08OREIOWA-ORE6,2025-11-08T16:56:49.862032Z,0.48,20,yes,be05af7a-cf1e-7fa9-ec13-8415db1c4e9a
KXNCAAFSPREAD-25NOV08OREIOWA-ORE6,2025-11-08T16:56:10.520658Z,0.48,10,yes,f36f458f-bbd2-4d5d-6a93-5b36b4e8f6fe
KXNCAAFSPREAD-25NOV08OREIOWA-ORE6,2025-11-08T16:55:13.867453Z,0.48,402,yes,5b541b28-0c4e-6f2d-5f93-55dde7ca7816
KXNCAAFSPREAD-25NOV08OREIOWA-ORE6,2025-11-08T16:54:54.305858Z,0.48,201,yes,45755c43-edd2-73ad-2e00-a8c3de1c50ee
KXNCAAFSPREAD-25NOV08OREIOWA-ORE6,2025-11-08T16:53:59.98112Z,0.47,9,no,66f69936-9c76-60bc-21d5-8f4411797732
KXNCAAFSPREAD-25NOV08OREIOWA-ORE6,2025-11-08T16:53:56.211876Z,0.48,10,yes,45f73a15-7c9e-5a8d-220c-b188cdd87946
KXNCAAFSPREAD-25NOV08OREIOWA-ORE6,2025-11-08T16:53:44.948937Z,0.48,10,yes,88c1f140-674a-5c41-8434-64e307a5a8e6
KXNCAAFSPREAD-25NOV08OREIOWA-ORE6,2025-11-08T16:53:30.611434Z,0.47,109,no,6f30600f-c8fe-7324-3d93-18468ccbfebe
KXNCAAFSPREAD-25NOV08OREIOWA-ORE6,2025-11-08T16:52:29.48387Z,0.48,100,yes,e6edf5c8-92ee-6a65-a16d-2cfcf4f99606
KXNCAAFSPREAD-25NOV08OREIOWA-ORE6,2025-11-08T16:52:16.655705Z,0.48,20,yes,e6a5ff83-9e7e-5a1d-ca30-6cf18e63ddaa
KXNCAAFSPREAD-25NOV08OREIOWA-ORE6,2025-11-08T16:51:50.062093Z,0.47,23,no,718351f2-bd5e-784c-d1ab-81a45e0d749a
KXNCAAFSPREAD-25NOV08OREIOWA-ORE6,2025-11-08T16:51:49.878556Z,0.48,20,yes,2501ccb5-169a-4ba1-67e4-52f97bd079fe
KXNCAAFSPREAD-25NOV08OREIOWA-ORE6,2025-11-08T16:50:26.843823Z,0.48,1001,yes,9bd75068-42c2-5ee5-6d2d-ffd6b0c94e82
KXNCAAFSPREAD-25NOV08OREIOWA-ORE6,2025-11-08T16:50:09.372616Z,0.47,548,no,9e75e944-b83a-7410-b6aa-f5490b4e0e06
KXNCAAFSPREAD-25NOV08OREIOWA-ORE6,2025-11-08T16:50:07.061399Z,0.48,100,yes,0d96b5df-8f4e-4569-9fcd-1414f3d4c4f6
KXNCAAFSPREAD-25NOV08OREIOWA-ORE6,2025-11-08T16:49:50.955531Z,0.48,100,yes,3cb28c9d-72d6-7be1-ca46-452ae343fcce
KXNCAAFSPREAD-25NOV08OREIOWA-ORE6,2025-11-08T16:49:35.485877Z,0.48,10,yes,2baf05dd-9f06-5121-e4e5-3d9406f8f19e
KXNCAAFSPREAD-25NOV08OREIOWA-ORE6,2025-11-08T16:48:25.148825Z,0.47,8,no,c9831f47-dbbe-50a8-e3ef-d59bffa11aea
KXNCAAFSPREAD-25NOV08OREIOWA-ORE6,2025-11-08T16:47:00.751916Z,0.48,20,yes,d798244e-d906-6afd-379e-3dcdb9649236
KXNCAAFSPREAD-25NOV08OREIOWA-ORE6,2025-11-08T16:46:20.09135Z,0.47,18,no,5e411060-4662-7648-55a8-9a76e691fe2a
KXNCAAFSPREAD-25NOV08OREIOWA-ORE6,2025-11-08T16:45:44.147171Z,0.48,502,yes,b5f8416a-27d6-485d-1a32-de2b33c57ada
KXNCAAFSPREAD-25NOV08OREIOWA-ORE6,2025-11-08T16:45:20.748519Z,0.47,1826,no,951bb047-861a-40dc-bdc0-9148fc43a55e
KXNCAAFSPREAD-25NOV08OREIOWA-ORE6,2025-11-08T16:44:58.489669Z,0.47,18,no,22b991d5-48da-5a7c-8f80-30374a990852
KXNCAAFSPREAD-25NOV08OREIOWA-ORE6,2025-11-08T16:44:54.935625Z,0.47,90,no,9870c0ac-2a76-721c-4648-6ab98a9c108a
KXNCAAFSPREAD-25NOV08OREIOWA-ORE6,2025-11-08T16:43:53.155667Z,0.48,10,yes,9c2c154e-7b12-5075-d082-7f51d894eeba
KXNCAAFSPREAD-25NOV08OREIOWA-ORE6,2025-11-08T16:42:51.672031Z,0.49,19,yes,4027a60c-2b08-531d-d84a-98d7f51cf1f3
KXNCAAFSPREAD-25NOV08OREIOWA-ORE6,2025-11-08T16:42:43.460786Z,0.47,18,no,f8c5c4c1-d476-78ac-687d-514d752eab66
KXNCAAFSPREAD-25NOV08OREIOWA-ORE6,2025-11-08T16:41:53.721209Z,0.47,100,no,b661c394-9666-7d28-3aca-fe30599e764a
KXNCAAFSPREAD-25NOV08OREIOWA-ORE6,2025-11-08T16:41:21.22548Z,0.47,110,no,6c0e57ea-f4be-57c8-9629-f87ea99c6a7e
KXNCAAFSPREAD-25NOV08OREIOWA-ORE6,2025-11-08T16:41:11.238535Z,0.49,9,yes,6c3e2dd7-b580-7f9d-d15a-c1aa7c77eac3
KXNCAAFSPREAD-25NOV08OREIOWA-ORE6,2025-11-08T16:41:04.716145Z,0.49,19,yes,21055050-afd0-6085-87d4-24806800ee57
KXNCAAFSPREAD-25NOV08OREIOWA-ORE6,2025-11-08T16:40:55.73705Z,0.49,10,yes,34e26004-a3a8-55a9-50df-94ee3e2a8a67
KXNCAAFSPREAD-25NOV08OREIOWA-ORE6,2025-11-08T16:40:47.835011Z,0.48,72,yes,ebf611a8-4be6-7249-d4a7-a37318d728d6
KXNCAAFSPREAD-25NOV08OREIOWA-ORE6,2025-11-08T16:40:47.835011Z,0.48,38,yes,526ce39b-5860-760d-da11-d89e63bbbd89
KXNCAAFSPREAD-25NOV08OREIOWA-ORE6,2025-11-08T16:38:19.88292Z,0.47,36,no,31748aab-9eba-7f9c-fc38-8591eaf83462
KXNCAAFSPREAD-25NOV08OREIOWA-ORE6,2025-11-08T16:38:13.044605Z,0.49,9,yes,777a50f6-add8-62b1-c1c1-334102ba1bdf
KXNCAAFSPREAD-25NOV08OREIOWA-ORE6,2025-11-08T16:35:35.414232Z,0.47,9,no,8b39cd87-4b1a-57e8-4fd2-edf98eaa9396
KXNCAAFSPREAD-25NOV08OREIOWA-ORE6,2025-11-08T16:34:25.50664Z,0.49,39,yes,9344fd3d-a074-5979-f2ae-0658b3a7800f
KXNCAAFSPREAD-25NOV08OREIOWA-ORE6,2025-11-08T16:34:14.668359Z,0.47,109,no,676256d9-6f86-66f4-29ea-b30a0442be6e
KXNCAAFSPREAD-25NOV08OREIOWA-ORE6,2025-11-08T16:33:58.150047Z,0.49,19,yes,4d647432-a9e0-4515-d25b-df9197eb03ab
KXNCAAFSPREAD-25NOV08OREIOWA-ORE6,2025-11-08T16:33:22.998259Z,0.47,57,no,e9dd976c-d362-4430-f11b-a0836e855b42
KXNCAAFSPREAD-25NOV08OREIOWA-ORE6,2025-11-08T16:33:22.998259Z,0.48,26,no,e95350a4-09b7-45e3-ef96-f8d9c31f4b86
KXNCAAFSPREAD-25NOV08OREIOWA-ORE6,2025-11-08T16:33:22.998259Z,0.47,27,no,d1681e50-c028-48e1-d0ac-8349daf222eb
KXNCAAFSPREAD-25NOV08OREIOWA-ORE6,2025-11-08T16:33:22.998259Z,0.47,12,no,ad081d6c-4ce1-4333-ca87-882169df9561
KXNCAAFSPREAD-25NOV08OREIOWA-ORE6,2025-11-08T16:33:22.998259Z,0.47,19,no,93bd1c37-d7ab-43e7-e482-e83428989e8f
KXNCAAFSPREAD-25NOV08OREIOWA-ORE6,2025-11-08T16:32:17.583739Z,0.48,1,no,5a873a9c-c8eb-7eab-f38d-312764486916
KXNCAAFSPREAD-25NOV08OREIOWA-ORE6,2025-11-08T16:31:58.649305Z,0.49,2,yes,b41aeb99-10ac-75a5-96d0-ada0fe37519f
KXNCAAFSPREAD-25NOV08OREIOWA-ORE6,2025-11-08T16:31:34.4419Z,0.49,39,yes,177ad20b-b450-5621-6319-af43d2ca2b27
KXNCAAFSPREAD-25NOV08OREIOWA-ORE6,2025-11-08T16:31:26.179876Z,0.49,1,yes,0a7dbd6f-ef48-6fd9-affd-4a555d4d0d07
KXNCAAFSPREAD-25NOV08OREIOWA-ORE6,2025-11-08T16:29:58.814752Z,0.48,372,no,bfaa8ea8-981b-49af-c053-8e83112b5bfa
KXNCAAFSPREAD-25NOV08OREIOWA-ORE6,2025-11-08T16:29:27.365434Z,0.49,19,yes,2cf94654-0fe8-5fd5-ba63-9bfd1da471eb
KXNCAAFSPREAD-25NOV08OREIOWA-ORE6,2025-11-08T16:29:24.779539Z,0.49,49,yes,2f5107c3-ecc4-60a9-fb12-9d6ca05a59db
KXNCAAFSPREAD-25NOV08OREIOWA-ORE6,2025-11-08T16:28:58.458608Z,0.48,186,no,3ad26df0-c423-56cb-870c-3d658e10784e
KXNCAAFSPREAD-25NOV08OREIOWA-ORE6,2025-11-08T16:28:29.777846Z,0.49,49,yes,41adef42-399c-7095-c4c1-da3cfc6ed2c3
KXNCAAFSPREAD-25NOV08OREIOWA-ORE6,2025-11-08T16:28:27.993305Z,0.48,257,no,84e4791d-d7bf-4c43-8a0b-4fe33d557fda
KXNCAAFSPREAD-25NOV08OREIOWA-ORE6,2025-11-08T16:28:12.015444Z,0.49,23,yes,b229f4b6-17f4-6839-5279-3fffc5625dab
KXNCAAFSPREAD-25NOV08OREIOWA-ORE6,2025-11-08T16:26:44.066912Z,0.48,50,no,04baa562-22c3-585f-6396-6a90d7fb7e9a
KXNCAAFSPREAD-25NOV08OREIOWA-ORE6,2025-11-08T16:25:55.774377Z,0.49,49,yes,dff275c4-2224-5ac5-96ed-a1d6dd39ed9b
KXNCAAFSPREAD-25NOV08OREIOWA-ORE6,2025-11-08T16:25:39.022413Z,0.48,18,no,150d5250-efd7-713f-1de3-b1041b2d6396
KXNCAAFSPREAD-25NOV08OREIOWA-ORE6,2025-11-08T16:25:36.05173Z,0.48,3,no,571c3cb8-848b-797b-cef8-9f1e1dc33162
KXNCAAFSPREAD-25NOV08OREIOWA-ORE6,2025-11-08T16:25:22.738489Z,0.48,139,no,5b10f2e7-8f3b-6043-1536-c7e9a136adf6
KXNCAAFSPREAD-25NOV08OREIOWA-ORE6,2025-11-08T16:24:00.560038Z,0.48,93,no,a2fab27b-9013-6743-5def-4be5e9f77b46
KXNCAAFSPREAD-25NOV08OREIOWA-ORE6,2025-11-08T16:23:53.698658Z,0.49,2463,yes,7e3c4aa9-02b0-7c91-0f42-555bf959d5a3
KXNCAAFSPREAD-25NOV08OREIOWA-ORE6,2025-11-08T16:22:57.549709Z,0.48,65,no,62920a20-1ce3-68d7-eae2-5755b300d94a
KXNCAAFSPREAD-25NOV08OREIOWA-ORE6,2025-11-08T16:22:49.86603Z,0.49,39,yes,1fcb3cb2-6ea4-6651-b0ed-14dd6838f9a7
KXNCAAFSPREAD-25NOV08OREIOWA-ORE6,2025-11-08T16:22:31.129285Z,0.48,9,no,8f073adb-93a3-6caf-2a91-7af4063e7a36
KXNCAAFSPREAD-25NOV08OREIOWA-ORE6,2025-11-08T16:22:16.893375Z,0.49,37,yes,e1512f65-5664-63b1-82b1-cd7c49597287
KXNCAAFSPREAD-25NOV08OREIOWA-ORE6,2025-11-08T16:22:16.893375Z,0.49,103,yes,7a1cece7-bf01-602c-b5b2-6349b549bec2
KXNCAAFSPREAD-25NOV08OREIOWA-ORE6,2025-11-08T16:22:16.893375Z,0.49,57,yes,3bd83173-8f28-670b-858f-8f79c8d6525d
KXNCAAFSPREAD-25NOV08OREIOWA-ORE6,2025-11-08T16:20:47.235564Z,0.48,37,no,714bfd59-2ffb-5f3f-3503-e92a280fb07e
KXNCAAFSPREAD-25NOV08OREIOWA-ORE6,2025-11-08T16:20:18.490067Z,0.49,5,yes,0705344c-4e6d-79b0-9aaf-2127d31b4d02
KXNCAAFSPREAD-25NOV08OREIOWA-ORE6,2025-11-08T16:19:46.882104Z,0.49,49,yes,a5d46b7d-02e1-45a8-9b8a-ab26e28c887e
KXNCAAFSPREAD-25NOV08OREIOWA-ORE6,2025-11-08T16:19:22.65008Z,0.48,5,no,238fc35e-c78f-79db-9666-cc1be5481436
KXNCAAFSPREAD-25NOV08OREIOWA-ORE6,2025-11-08T16:19:13.190668Z,0.49,9,yes,122cbd02-b69d-7f00-cb87-8f4f3535f506
KXNCAAFSPREAD-25NOV08OREIOWA-ORE6,2025-11-08T16:18:48.474388Z,0.48,139,no,1c05f869-d8eb-69d3-2b63-81144a635462
KXNCAAFSPREAD-25NOV08OREIOWA-ORE6,2025-11-08T16:18:22.7759Z,0.49,5,yes,caa73dfa-4995-4fdc-28d4-1c65598a09fe
KXNCAAFSPREAD-25NOV08OREIOWA-ORE6,2025-11-08T16:18:12.507329Z,0.49,9,yes,a9e68663-e8a5-4780-cabe-6e323c15cece
KXNCAAFSPREAD-25NOV08OREIOWA-ORE6,2025-11-08T16:17:23.027726Z,0.49,19,yes,fc05a07d-e2ed-428c-22db-ab8c92a93276
KXNCAAFSPREAD-25NOV08OREIOWA-ORE6,2025-11-08T16:15:08.82752Z,0.49,9,yes,cf77c15c-ab51-7c90-966b-0f4fae8e4e4a
KXNCAAFSPREAD-25NOV08OREIOWA-ORE6,2025-11-08T16:14:03.225064Z,0.49,49,yes,08201d9e-0b49-53ec-7390-8afee08b9622
KXNCAAFSPREAD-25NOV08OREIOWA-ORE6,2025-11-08T16:13:53.702417Z,0.49,49,yes,99d5bf09-a18d-4078-2008-15e4b1122ebe
KXNCAAFSPREAD-25NOV08OREIOWA-ORE6,2025-11-08T16:13:21.002876Z,0.47,95,no,82023457-5674-4409-1178-b437f13869fd
KXNCAAFSPREAD-25NOV08OREIOWA-ORE6,2025-11-08T16:13:01.434139Z,0.49,29,yes,25a84ba8-44d5-6748-15e8-0886fb439942
KXNCAAFSPREAD-25NOV08OREIOWA-ORE6,2025-11-08T16:11:43.729161Z,0.49,19,yes,7703ac42-375d-754c-d3f5-cf046dbe4746
KXNCAAFSPREAD-25NOV08OREIOWA-ORE6,2025-11-08T16:11:37.834857Z,0.49,19,yes,e6b978ca-08f5-5408-10f4-4cb4cc280f6e
KXNCAAFSPREAD-25NOV08OREIOWA-ORE6,2025-11-08T16:11:31.655434Z,0.49,9,yes,3570b6e7-1309-6498-08c1-4cbf0cf2f5b2
KXNCAAFSPREAD-25NOV08OREIOWA-ORE6,2025-11-08T16:10:11.20168Z,0.49,40,yes,f1f84509-d9e9-6130-12c3-11889d7ccaa6
KXNCAAFSPREAD-25NOV08OREIOWA-ORE6,2025-11-08T16:09:25.24623Z,0.49,39,yes,abcb690f-efc1-6454-6565-454de6a45142
KXNCAAFSPREAD-25NOV08OREIOWA-ORE6,2025-11-08T16:09:17.990184Z,0.49,49,yes,d2369d55-8711-62cc-7ae3-14400baea5d6
KXNCAAFSPREAD-25NOV08OREIOWA-ORE6,2025-11-08T16:08:03.838694Z,0.49,44,yes,58bbe1bd-8991-5464-447b-fa485631382a
KXNCAAFSPREAD-25NOV08OREIOWA-ORE6,2025-11-08T16:07:37.302515Z,0.48,45,yes,1858847c-fb98-477e-381f-b32ee6751147
KXNCAAFSPREAD-25NOV08OREIOWA-ORE6,2025-11-08T16:07:37.302515Z,0.48,5,yes,119501c7-23de-4b4a-1e85-45ac45dae3c1
KXNCAAFSPREAD-25NOV08OREIOWA-ORE6,2025-11-08T16:03:19.001637Z,0.49,1000,yes,3b89aa60-9359-49d0-4dbf-de242b0a9316
KXNCAAFSPREAD-25NOV08OREIOWA-ORE6,2025-11-08T16:02:38.254098Z,0.47,100,no,abd7caef-b1b8-6c8d-6989-d00517799bdd
KXNCAAFSPREAD-25NOV08OREIOWA-ORE6,2025-11-08T16:02:28.041453Z,0.47,18,no,204d1707-f464-6685-e519-457fd9c465e9
KXNCAAFSPREAD-25NOV08OREIOWA-ORE6,2025-11-08T16:01:26.22615Z,0.49,98,yes,6267a46d-7fd9-4930-5cbd-79cf4962619e
KXNCAAFSPREAD-25NOV08OREIOWA-ORE6,2025-11-08T16:01:19.480862Z,0.49,39,yes,643ec065-7d9d-5e0c-c8eb-2bffdfb63652
KXNCAAFSPREAD-25NOV08OREIOWA-ORE6,2025-11-08T16:01:16.672Z,0.48,9,no,7aca2802-d17f-4149-464a-1d669118452f
KXNCAAFSPREAD-25NOV08OREIOWA-ORE6,2025-11-08T16:01:11.879362Z,0.47,222,no,3ec4ac53-d364-506d-8b1a-833748c2988d
KXNCAAFSPREAD-25NOV08OREIOWA-ORE6,2025-11-08T16:01:02.004495Z,0.47,9,no,eb706a9f-61b4-5cbd-9f73-8b4a4e3171e1
KXNCAAFSPREAD-25NOV08OREIOWA-ORE6,2025-11-08T15:59:34.851241Z,0.49,78,yes,526690ec-a52d-4400-9d05-2ebff850c76e
KXNCAAFSPREAD-25NOV08OREIOWA-ORE6,2025-11-08T15:59:11.855649Z,0.47,54,no,2fd31deb-1a54-7cb5-fd0f-ea5c7bb731d9
KXNCAAFSPREAD-25NOV08OREIOWA-ORE6,2025-11-08T15:58:57.263624Z,0.47,45,no,c692a382-68bc-40dd-71a3-0e8ed1e91ab9
KXNCAAFSPREAD-25NOV08OREIOWA-ORE6,2025-11-08T15:57:24.34683Z,0.49,10,yes,23d85ae6-9e4d-47c0-8ed1-22eb6adcd09e
KXNCAAFSPREAD-25NOV08OREIOWA-ORE6,2025-11-08T15:57:20.70631Z,0.49,3,yes,b01c056a-1879-6084-e062-cb26ff05efba
KXNCAAFSPREAD-25NOV08OREIOWA-ORE6,2025-11-08T15:53:35.437774Z,0.47,27,no,71cbacfb-11f8-46bd-2d04-7fd9651f9c85
KXNCAAFSPREAD-25NOV08OREIOWA-ORE6,2025-11-08T15:51:10.822231Z,0.47,36,no,69570d7a-af0c-6699-6f4c-c14dd41ece39
KXNCAAFSPREAD-25NOV08OREIOWA-ORE6,2025-11-08T15:50:53.79054Z,0.49,197,yes,ad3f5c90-9d2d-6cf4-15c9-30f8637ae516
KXNCAAFSPREAD-25NOV08OREIOWA-ORE6,2025-11-08T15:49:19.0126Z,0.47,1,no,9902ccdc-1aac-53d5-5e63-aa96e389f759
KXNCAAFSPREAD-25NOV08OREIOWA-ORE6,2025-11-08T15:48:09.133926Z,0.47,18,no,d7539fb0-5c18-4865-a968-8e639c04e61d
KXNCAAFSPREAD-25NOV08OREIOWA-ORE6,2025-11-08T15:47:41.166295Z,0.47,225,no,d92e4c6a-8ac8-6fa5-cc94-767a2d92fd01
KXNCAAFSPREAD-25NOV08OREIOWA-ORE6,2025-11-08T15:46:16.850505Z,0.47,18,no,05bf1db9-77cc-6189-e880-0cb69c753165
KXNCAAFSPREAD-25NOV08OREIOWA-ORE6,2025-11-08T15:44:14.669709Z,0.49,19,yes,b7053082-6145-6bdf-7010-5a0b19cf10bb
KXNCAAFSPREAD-25NOV08OREIOWA-ORE6,2025-11-08T15:43:10.464132Z,0.49,21,yes,006a6b77-41fd-655b-b728-59518a33918f
KXNCAAFSPREAD-25NOV08OREIOWA-ORE6,2025-11-08T15:42:10.488716Z,0.48,9,no,bc222f0d-2024-678c-ce7f-b6f983998548
KXNCAAFSPREAD-25NOV08OREIOWA-ORE6,2025-11-08T15:42:10.488716Z,0.48,83,no,8470cd2f-6469-6986-c2ca-95d2aa92ffd5
KXNCAAFSPREAD-25NOV08OREIOWA-ORE6,2025-11-08T15:40:50.689478Z,0.5,193,yes,2a0c2de1-8b1b-75b6-f2b6-35f1f368039a
KXNCAAFSPREAD-25NOV08OREIOWA-ORE6,2025-11-08T15:40:07.394408Z,0.48,46,no,56ebaedd-93a1-6c2b-c31f-5d6d74673c2a
KXNCAAFSPREAD-25NOV08OREIOWA-ORE6,2025-11-08T15:40:06.117449Z,0.48,46,no,817bb02c-f279-539f-5e9f-900b3b7878e6
KXNCAAFSPREAD-25NOV08OREIOWA-ORE6,2025-11-08T15:36:01.206864Z,0.48,18,no,6616bee5-8505-546f-413a-2d0267051c92
KXNCAAFSPREAD-25NOV08OREIOWA-ORE6,2025-11-08T15:35:34.612924Z,0.5,28,yes,64ee624b-5107-78da-3346-4e2df5df21ea
KXNCAAFSPREAD-25NOV08OREIOWA-ORE6,2025-11-08T15:35:11.849381Z,0.5,19,yes,ebf05f1d-8287-4366-3eaa-a0a14a459daa
KXNCAAFSPREAD-25NOV08OREIOWA-ORE6,2025-11-08T15:35:02.194107Z,0.48,152,no,c24c8206-be29-62f9-4daa-6ff76e114eec
KXNCAAFSPREAD-25NOV08OREIOWA-ORE6,2025-11-08T15:34:18.76303Z,0.48,930,no,f59904ae-e6b0-584e-d9c4-69fa8dcd1d81
KXNCAAFSPREAD-25NOV08OREIOWA-ORE6,2025-11-08T15:33:18.058837Z,0.48,10,no,94a3f05c-0b4c-4afa-c548-a8a6412851cd
KXNCAAFSPREAD-25NOV08OREIOWA-ORE6,2025-11-08T15:33:07.968088Z,0.48,46,no,fe78d12d-7580-7536-f875-fb836da7b801
KXNCAAFSPREAD-25NOV08OREIOWA-ORE6,2025-11-08T15:31:55.426103Z,0.5,32,yes,38a4d5c8-88b7-40ee-4452-717d34f30a62
KXNCAAFSPREAD-25NOV08OREIOWA-ORE6,2025-11-08T15:30:13.113064Z,0.5,384,yes,fa4735aa-b8e3-54d2-92de-73aabc7a5f16
KXNCAAFSPREAD-25NOV08OREIOWA-ORE6,2025-11-08T15:30:13.113064Z,0.49,111,yes,aa426f50-963d-59e1-9ba0-b12378167721
KXNCAAFSPREAD-25NOV08OREIOWA-ORE6,2025-11-08T15:29:44.879377Z,0.47,61,no,d42219a4-26cc-6195-a480-b213193b0be1
KXNCAAFSPREAD-25NOV08OREIOWA-ORE6,2025-11-08T15:29:44.879377Z,0.48,123,no,afcba47b-59aa-64f4-8a1c-06668b94b917
KXNCAAFSPREAD-25NOV08OREIOWA-ORE6,2025-11-08T15:29:36.633156Z,0.49,82,yes,544a3303-de79-5aa7-5098-ac737c302caf
KXNCAAFSPREAD-25NOV08OREIOWA-ORE6,2025-11-08T15:29:36.633156Z,0.5,16,yes,245ee4be-c5d7-54ea-753d-d0d799a7caae
KXNCAAFSPREAD-25NOV08OREIOWA-ORE6,2025-11-08T15:27:43.333866Z,0.48,1,no,047fa3b6-cbf5-5bf5-5e44-8e72a8998075
KXNCAAFSPREAD-25NOV08OREIOWA-ORE6,2025-11-08T15:26:57.466793Z,0.5,1,yes,bfdc1666-2e2b-5e96-64ed-70440acb41de
KXNCAAFSPREAD-25NOV08OREIOWA-ORE6,2025-11-08T15:26:52.01567Z,0.47,65,no,bd34a2c1-594c-4cf9-8f06-2b02fea44791
KXNCAAFSPREAD-25NOV08OREIOWA-ORE6,2025-11-08T15:26:52.01567Z,0.48,121,no,45a90bc4-794c-4c05-bdf9-259e03fc135c
KXNCAAFSPREAD-25NOV08OREIOWA-ORE6,2025-11-08T15:25:47.509294Z,0.5,21,yes,477d188c-d5e7-6502-858c-37f81b1d5036
KXNCAAFSPREAD-25NOV08OREIOWA-ORE6,2025-11-08T15:24:49.144306Z,0.5,48,yes,d7f42268-62d7-6296-f742-c6374d3a096e
KXNCAAFSPREAD-25NOV08OREIOWA-ORE6,2025-11-08T15:24:39.603962Z,0.48,9,no,76d25ee3-28dc-5818-42a5-17396e0b41c9
KXNCAAFSPREAD-25NOV08OREIOWA-ORE6,2025-11-08T15:24:31.076808Z,0.49,126,yes,f6b819bb-4811-7fa6-f10c-d8cd589e2ac2
KXNCAAFSPREAD-25NOV08OREIOWA-ORE6,2025-11-08T15:24:31.076808Z,0.5,359,yes,796858d6-0507-770a-f4bf-02b39240377e
KXNCAAFSPREAD-25NOV08OREIOWA-ORE6,2025-11-08T15:23:12.71445Z,0.5,48,yes,6af11190-b06b-760a-a586-69d79ff42476
KXNCAAFSPREAD-25NOV08OREIOWA-ORE6,2025-11-08T15:22:59.109116Z,0.47,3,no,3495dcd7-4ce4-569d-5e35-3df2e9c90691
KXNCAAFSPREAD-25NOV08OREIOWA-ORE6,2025-11-08T15:20:27.456941Z,0.47,2,no,b780d231-6420-41c9-3676-900df36d5be9
KXNCAAFSPREAD-25NOV08OREIOWA-ORE6,2025-11-08T15:19:50.970069Z,0.5,48,yes,55e8d19f-a943-58b6-0ba1-54b72ee3c91a
KXNCAAFSPREAD-25NOV08OREIOWA-ORE6,2025-11-08T15:18:56.908613Z,0.47,221,no,f50b1329-72b4-6825-6a01-e205c15fb2b9
KXNCAAFSPREAD-25NOV08OREIOWA-ORE6,2025-11-08T15:18:56.908613Z,0.48,333,no,92874378-6e2e-6e9b-7cd2-7dbe65caa2a7
KXNCAAFSPREAD-25NOV08OREIOWA-ORE6,2025-11-08T15:17:42.0017Z,0.5,77,yes,f1737844-ef8f-72ee-ce5c-405253f61c6a
KXNCAAFSPREAD-25NOV08OREIOWA-ORE6,2025-11-08T15:17:08.51487Z,0.5,19,yes,5f5714fd-695f-71f6-52d4-97fdd8ff7caa
KXNCAAFSPREAD-25NOV08OREIOWA-ORE6,2025-11-08T15:17:00.852243Z,0.48,37,no,18b86677-1e1a-41e7-d166-c5c7cc48c27f
KXNCAAFSPREAD-25NOV08OREIOWA-ORE6,2025-11-08T15:16:27.685549Z,0.48,6,no,6e965cf5-c76a-79b7-4c5b-80bbe222164b
KXNCAAFSPREAD-25NOV08OREIOWA-ORE6,2025-11-08T15:14:53.657306Z,0.48,9,no,796a78c8-de0e-5bea-0678-ad1a099fe875
KXNCAAFSPREAD-25NOV08OREIOWA-ORE6,2025-11-08T15:14:51.544327Z,0.49,50,yes,bf91d2cd-023d-66af-b95d-e8faea6d3e8e
KXNCAAFSPREAD-25NOV08OREIOWA-ORE6,2025-11-08T15:13:45.728752Z,0.49,19,yes,512741c5-2829-581b-2e5c-ba5355773556
KXNCAAFSPREAD-25NOV08OREIOWA-ORE6,2025-11-08T15:11:29.033348Z,0.5,95,yes,0a1ee6f0-1bff-7b8a-67d1-77668bea1e36
KXNCAAFSPREAD-25NOV08OREIOWA-ORE6,2025-11-08T15:09:50.611797Z,0.5,26,yes,e18f4368-b2c7-4466-50aa-ebe6817ea3a2
KXNCAAFSPREAD-25NOV08OREIOWA-ORE6,2025-11-08T15:09:41.832705Z,0.49,19,yes,ab07c545-6b25-7b4b-b8c7-73860bd8f5ca
KXNCAAFSPREAD-25NOV08OREIOWA-ORE6,2025-11-08T15:08:23.27635Z,0.48,120,no,acfc2288-e4c3-50ee-dddf-1de58166519e
KXNCAAFSPREAD-25NOV08OREIOWA-ORE6,2025-11-08T15:08:14.273636Z,0.48,46,no,37c8459e-f99b-71da-f160-76416a6b4b9a
KXNCAAFSPREAD-25NOV08OREIOWA-ORE6,2025-11-08T15:08:10.022563Z,0.5,4,yes,5e8fecf2-dc37-5e5a-e983-9f9f2f109776
KXNCAAFSPREAD-25NOV08OREIOWA-ORE6,2025-11-08T15:07:48.490122Z,0.5,38,yes,38042b9e-a77f-6e66-882f-f39c57667dfa
KXNCAAFSPREAD-25NOV08OREIOWA-ORE6,2025-11-08T15:07:30.949889Z,0.49,36,yes,80b8c5d3-dada-77fd-5717-999e482eb67a
KXNCAAFSPREAD-25NOV08OREIOWA-ORE6,2025-11-08T15:07:30.949889Z,0.5,70,yes,0705e920-9fc3-71fe-7acb-d0dddc4e614e
KXNCAAFSPREAD-25NOV08OREIOWA-ORE6,2025-11-08T15:06:20.489392Z,0.48,18,no,926fe975-a66f-4c5a-dea4-f479e22fac3a
KXNCAAFSPREAD-25NOV08OREIOWA-ORE6,2025-11-08T15:04:53.301124Z,0.5,483,yes,c79dc483-cba3-6f62-95f9-17e3520f2f9a
KXNCAAFSPREAD-25NOV08OREIOWA-ORE6,2025-11-08T15:01:56.855682Z,0.5,490,yes,97deab60-2693-618e-6d35-9c6432bcf66a
KXNCAAFSPREAD-25NOV08OREIOWA-ORE6,2025-11-08T15:00:07.434305Z,0.47,137,no,0abb4546-b858-5391-9c9f-9e6dac094a6d
KXNCAAFSPREAD-25NOV08OREIOWA-ORE6,2025-11-08T14:59:48.727058Z,0.47,36,no,7e223510-06f8-7e45-89e0-3449ae63ee61
KXNCAAFSPREAD-25NOV08OREIOWA-ORE6,2025-11-08T14:59:32.779375Z,0.47,45,no,614efe44-03c0-7cd9-9fbe-b7bbf78c52b9
KXNCAAFSPREAD-25NOV08OREIOWA-ORE6,2025-11-08T14:59:30.243223Z,0.47,20,no,dec88218-66e8-6121-2136-c54910068c65
KXNCAAFSPREAD-25NOV08OREIOWA-ORE6,2025-11-08T14:54:04.531795Z,0.5,489,yes,f3ab2e7a-1b73-5026-69fc-6fff2674b07e
KXNCAAFSPREAD-25NOV08OREIOWA-ORE6,2025-11-08T14:54:04.531795Z,0.49,191,yes,827ce00d-cdbe-552d-4faf-403b5eeae5e8
KXNCAAFSPREAD-25NOV08OREIOWA-ORE6,2025-11-08T14:53:50.296816Z,0.47,18,no,da235b15-2fc4-5c2d-29ec-8ea692d2d6b1
KXNCAAFSPREAD-25NOV08OREIOWA-ORE6,2025-11-08T14:53:29.964724Z,0.47,2210,no,3ed6571b-5904-79c5-d140-d3e172005de5
KXNCAAFSPREAD-25NOV08OREIOWA-ORE6,2025-11-08T14:52:50.89405Z,0.47,884,no,94094463-578c-4485-af56-d3214be92a2d
KXNCAAFSPREAD-25NOV08OREIOWA-ORE6,2025-11-08T14:49:58.875642Z,0.47,18,no,e4619815-b4f4-426d-30b9-0013f647ba05
KXNCAAFSPREAD-25NOV08OREIOWA-ORE6,2025-11-08T14:49:36.726424Z,0.47,9,no,e63738d8-885c-4901-065d-e9adebb85f21
KXNCAAFSPREAD-25NOV08OREIOWA-ORE6,2025-11-08T14:48:55.819589Z,0.47,100,no,45befd0e-8308-57fd-57c4-c0089fa1973d
KXNCAAFSPREAD-25NOV08OREIOWA-ORE6,2025-11-08T14:48:36.64375Z,0.49,9,yes,968bb0e3-1982-4789-8d66-1bc530a83258
