ticker,created_time,price,count,taker_side,trade_id
KXNCAAFTOTAL-25NOV08COLOWVU-53,2025-11-08T20:28:08.959315Z,0.01,103,yes,044378e7-ee16-7afa-9a76-2c51aab46094
KXNCAAFTOTAL-25NOV08COLOWVU-53,2025-11-08T20:27:59.730739Z,0.01,1000,yes,7812f073-3942-45b6-d75f-c6749c99f028
KXNCAAFTOTAL-25NOV08COLOWVU-53,2025-11-08T20:27:59.703502Z,0.01,300,no,fdbd7f28-1b57-49c5-3a10-f3d6c5892026
KXNCAAFTOTAL-25NOV08COLOWVU-53,2025-11-08T20:27:59.703502Z,0.02,200,no,f3dd0641-96ae-4260-0ff6-2f9830d7b1cb
KXNCAAFTOTAL-25NOV08COLOWVU-53,2025-11-08T20:27:59.703502Z,0.05,661,no,f06aa6ed-fd9d-496f-0dda-a62c2418a91d
KXNCAAFTOTAL-25NOV08COLOWVU-53,2025-11-08T20:27:59.703502Z,0.01,11,no,a22b0708-481f-486a-3161-a02e64aec762
KXNCAAFTOTAL-25NOV08COLOWVU-53,2025-11-08T20:27:59.703502Z,0.05,100,no,62985066-d8c5-4af1-1e90-53899b88f0cf
KXNCAAFTOTAL-25NOV08COLOWVU-53,2025-11-08T20:27:59.703502Z,0.06,5,no,1e42cc7e-b693-4b3d-2c54-2ed3357fe938
KXNCAAFTOTAL-25NOV08COLOWVU-53,2025-11-08T20:27:09.179001Z,0.2,50,yes,7ab7cc3d-41e6-5cea-2544-d710c58e07a9
KXNCAAFTOTAL-25NOV08COLOWVU-53,2025-11-08T20:27:09.179001Z,0.5,33,yes,64288b2f-1e61-5acc-168e-243828aa8d2d
KXNCAAFTOTAL-25NOV08COLOWVU-53,2025-11-08T20:21:41.745998Z,0.22,1000,no,367e5b3c-af0f-59fa-3c3f-1bedd7ad05c5
KXNCAAFTOTAL-25NOV08COLOWVU-53,2025-11-08T20:21:29.40681Z,0.54,400,no,1d48d664-3723-45d5-b74e-d12b4bc61c75
KXNCAAFTOTAL-25NOV08COLOWVU-53,2025-11-08T20:21:10.615418Z,0.48,18,no,2c2a0c8f-1805-5826-6b94-e4b75c63e017
KXNCAAFTOTAL-25NOV08COLOWVU-53,2025-11-08T20:21:01.361772Z,0.48,558,no,696eb358-1a99-4d3a-95d6-73168ff9a16b
KXNCAAFTOTAL-25NOV08COLOWVU-53,2025-11-08T20:20:57.105975Z,0.48,91,no,57269ba9-b885-47a2-5470-9ed10e1c564b
KXNCAAFTOTAL-25NOV08COLOWVU-53,2025-11-08T20:20:49.13539Z,0.49,200,no,ad5791ce-5d77-7fd7-266b-a3fd009e639a
KXNCAAFTOTAL-25NOV08COLOWVU-53,2025-11-08T20:20:38.87628Z,0.49,150,no,3cbd8bdd-14cf-75ab-fa0b-3ed6c28bd22e
KXNCAAFTOTAL-25NOV08COLOWVU-53,2025-11-08T20:20:34.550475Z,0.49,521,no,0952f1fc-3c5b-45cb-198c-f569c296ce0a
KXNCAAFTOTAL-25NOV08COLOWVU-53,2025-11-08T20:20:29.443116Z,0.5,189,no,568acab4-72e4-4ebb-31c8-d3556ec6948c
KXNCAAFTOTAL-25NOV08COLOWVU-53,2025-11-08T20:19:34.066446Z,0.15,208,no,f8ffe6d6-e34b-7ef2-d746-9386586c2741
KXNCAAFTOTAL-25NOV08COLOWVU-53,2025-11-08T20:19:34.066446Z,0.15,100,no,ef855611-01d5-7d76-eb87-3e8158d8f136
KXNCAAFTOTAL-25NOV08COLOWVU-53,2025-11-08T20:13:49.90735Z,0.42,83,no,74e1a21a-b271-4c95-e8ab-3faede32f3e2
KXNCAAFTOTAL-25NOV08COLOWVU-53,2025-11-08T20:12:39.654066Z,0.44,100,no,a5d5168f-39fa-4211-aad8-81c97efb272d
KXNCAAFTOTAL-25NOV08COLOWVU-53,2025-11-08T20:12:39.654066Z,0.43,3,no,05aeb156-1288-4176-b05f-78255b1814f4
KXNCAAFTOTAL-25NOV08COLOWVU-53,2025-11-08T20:01:33.56358Z,0.37,3,no,4ed6db5b-ed97-4a08-3f3d-9256c7a74a94
KXNCAAFTOTAL-25NOV08COLOWVU-53,2025-11-08T19:59:46.214545Z,0.38,628,no,840266b6-3430-4c2a-75f2-bf12468ed622
KXNCAAFTOTAL-25NOV08COLOWVU-53,2025-11-08T19:59:45.275999Z,0.38,785,no,f36ffbb9-169a-771c-b434-77604db12165
KXNCAAFTOTAL-25NOV08COLOWVU-53,2025-11-08T19:59:45.275999Z,0.06,95,no,e7faf7c8-587b-76e9-aaa7-e43fe9789cfc
KXNCAAFTOTAL-25NOV08COLOWVU-53,2025-11-08T19:59:45.275999Z,0.08,79,no,7b72018c-7a69-7d08-8664-4b908f65dc65
KXNCAAFTOTAL-25NOV08COLOWVU-53,2025-11-08T19:59:45.275999Z,0.38,215,no,307c6a03-e4a5-7853-998f-8d286c03deb1
KXNCAAFTOTAL-25NOV08COLOWVU-53,2025-11-08T19:59:44.890187Z,0.38,785,no,27332433-0d9d-71d7-ae7c-5db6c49d5c9d
KXNCAAFTOTAL-25NOV08COLOWVU-53,2025-11-08T19:59:38.658159Z,0.39,973,no,ebaaec6b-e6b9-4994-2d4f-201be57c5d7f
KXNCAAFTOTAL-25NOV08COLOWVU-53,2025-11-08T19:49:31.932016Z,0.37,15,no,82a6e8b6-8349-5ce0-3d4c-03a264a404ad
KXNCAAFTOTAL-25NOV08COLOWVU-53,2025-11-08T19:49:07.043289Z,0.45,400,no,8ee3703b-2be8-7a7c-8124-58acb04438a8
KXNCAAFTOTAL-25NOV08COLOWVU-53,2025-11-08T19:49:07.043289Z,0.38,586,no,0a4432e8-25ee-7264-bc51-c53e87759f5f
KXNCAAFTOTAL-25NOV08COLOWVU-53,2025-11-08T19:39:38.487362Z,0.39,15,no,21a16012-2fa1-5121-6934-0833a227f39f
KXNCAAFTOTAL-25NOV08COLOWVU-53,2025-11-08T19:38:21.148308Z,0.44,30,no,0097f533-f1ab-68b7-f541-910c569fa979
KXNCAAFTOTAL-25NOV08COLOWVU-53,2025-11-08T19:34:34.350127Z,0.44,1000,yes,a87075d8-bee3-49d3-e388-de9bc1ed3811
KXNCAAFTOTAL-25NOV08COLOWVU-53,2025-11-08T19:33:44.8677Z,0.37,62,yes,953745ae-5f17-5f70-1347-cb16deda7a8c
KXNCAAFTOTAL-25NOV08COLOWVU-53,2025-11-08T19:27:58.32184Z,0.41,49,no,64f03c9f-bc1e-52fb-ed2a-8e199a5564ff
KXNCAAFTOTAL-25NOV08COLOWVU-53,2025-11-08T19:27:13.520773Z,0.28,13,no,d4b47976-9541-65ca-e194-1d435c2db5cf
KXNCAAFTOTAL-25NOV08COLOWVU-53,2025-11-08T19:24:35.054836Z,0.45,21,yes,3d128bb5-413a-6aeb-73cd-3c275fc9744b
KXNCAAFTOTAL-25NOV08COLOWVU-53,2025-11-08T19:21:54.191397Z,0.25,131,no,a2d9a33b-8e0b-490e-e233-89a6e662bfdd
KXNCAAFTOTAL-25NOV08COLOWVU-53,2025-11-08T19:10:32.478502Z,0.08,21,no,25e4da42-d245-4a90-d2e4-3cc004c2b501
KXNCAAFTOTAL-25NOV08COLOWVU-53,2025-11-08T19:09:15.0452Z,0.18,24,no,cfc2ed2e-6e00-6ce1-b402-610e225c5393
KXNCAAFTOTAL-25NOV08COLOWVU-53,2025-11-08T19:08:48.171663Z,0.22,25,no,f127353c-ea48-782d-9039-b97a56337119
KXNCAAFTOTAL-25NOV08COLOWVU-53,2025-11-08T19:05:13.681818Z,0.39,61,yes,9cc606fd-bbfd-4ddc-81d9-70cec2b5eadb
KXNCAAFTOTAL-25NOV08COLOWVU-53,2025-11-08T18:52:02.54824Z,0.44,56,yes,8f3bf940-c75f-639a-4379-113d7cb9e6d1
KXNCAAFTOTAL-25NOV08COLOWVU-53,2025-11-08T18:51:44.32499Z,0.44,13,yes,79dc53de-74eb-51a2-c250-9930b1141a89
KXNCAAFTOTAL-25NOV08COLOWVU-53,2025-11-08T18:48:39.737992Z,0.44,398,yes,7e3fbab8-41a3-481a-ea8c-177cd0b0a031
KXNCAAFTOTAL-25NOV08COLOWVU-53,2025-11-08T18:44:13.88081Z,0.44,100,yes,52eb11ec-f6c3-4056-397b-b1c823e69401
KXNCAAFTOTAL-25NOV08COLOWVU-53,2025-11-08T18:43:30.240802Z,0.44,437,yes,5e5adf75-e673-68de-9574-964c275dd7f1
KXNCAAFTOTAL-25NOV08COLOWVU-53,2025-11-08T18:38:57.885557Z,0.44,17,yes,43158c41-799b-4d36-98c9-916c968c1abd
KXNCAAFTOTAL-25NOV08COLOWVU-53,2025-11-08T18:38:35.934116Z,0.44,840,yes,dba54666-199f-7a56-1a36-50e973135a95
KXNCAAFTOTAL-25NOV08COLOWVU-53,2025-11-08T18:31:50.170917Z,0.38,252,yes,1fde4c0b-f14c-48e9-79d7-8e7567cdc051
KXNCAAFTOTAL-25NOV08COLOWVU-53,2025-11-08T18:29:25.854916Z,0.35,8,yes,4db2ae82-3d56-7337-7cfb-47224c972ee8
KXNCAAFTOTAL-25NOV08COLOWVU-53,2025-11-08T18:29:17.572839Z,0.34,1000,yes,e7bb81b8-7607-77ea-143b-f123125a19df
KXNCAAFTOTAL-25NOV08COLOWVU-53,2025-11-08T18:29:17.572839Z,0.51,8,yes,21265aab-85eb-7df2-1e05-3ee42963d141
KXNCAAFTOTAL-25NOV08COLOWVU-53,2025-11-08T18:16:05.01062Z,0.29,11,yes,7dfa4bd9-564e-713b-22a9-18960ef7774e
KXNCAAFTOTAL-25NOV08COLOWVU-53,2025-11-08T18:16:05.01062Z,0.28,14,yes,7d758a40-b278-76da-0576-4790b2f9f3c6
KXNCAAFTOTAL-25NOV08COLOWVU-53,2025-11-08T18:12:58.986724Z,0.22,302,no,41578e3f-800d-78ed-8511-f39d660e8f6e
KXNCAAFTOTAL-25NOV08COLOWVU-53,2025-11-08T18:12:58.986724Z,0.22,698,no,176f4a32-3854-72d3-b542-24242de34b7d
KXNCAAFTOTAL-25NOV08COLOWVU-53,2025-11-08T17:45:25.404552Z,0.21,100,yes,c7c78638-db08-7869-d6cb-ccf644591d8a
KXNCAAFTOTAL-25NOV08COLOWVU-53,2025-11-08T17:39:25.815189Z,0.11,14,no,686325a8-f95e-446d-80e5-080e7bdd4ba1
KXNCAAFTOTAL-25NOV08COLOWVU-53,2025-11-08T17:26:56.035405Z,0.18,1000,no,6e671729-0d3d-5d56-d535-7886fd609f99
KXNCAAFTOTAL-25NOV08COLOWVU-53,2025-11-08T17:26:56.035405Z,0.21,100,no,49acdbe3-07a9-5624-fdb1-efb31d7360b7
KXNCAAFTOTAL-25NOV08COLOWVU-53,2025-11-08T17:26:56.035405Z,0.1,30,no,3d027ce5-1045-5c1a-cc8e-a5fb79708ecf
KXNCAAFTOTAL-25NOV08COLOWVU-53,2025-11-08T17:26:56.035405Z,0.16,100,no,204efcb5-db29-5982-dc4d-d49cc3335ecd
KXNCAAFTOTAL-25NOV08COLOWVU-53,2025-11-08T17:00:57.241122Z,0.5,48,yes,d657b610-8b23-64ef-cb75-968bcb0e0b7c
KXNCAAFTOTAL-25NOV08COLOWVU-53,2025-11-08T16:58:13.274629Z,0.46,69,no,dff1114f-301e-47fc-59ec-59200c7f1655
KXNCAAFTOTAL-25NOV08COLOWVU-53,2025-11-08T16:55:32.400841Z,0.46,70,no,a62ce2c8-012e-4460-c5a4-f0840cfb1ab9
KXNCAAFTOTAL-25NOV08COLOWVU-53,2025-11-08T16:55:31.884214Z,0.46,130,no,9b199355-1282-74cc-ac2c-988589f8bf05
KXNCAAFTOTAL-25NOV08COLOWVU-53,2025-11-08T16:55:15.866436Z,0.46,75,no,67f34e61-5e3a-6a50-56cb-d773bfd2ab75
KXNCAAFTOTAL-25NOV08COLOWVU-53,2025-11-08T16:55:10.94269Z,0.46,350,no,4fe25973-7286-66c8-946e-295ad475abc5
KXNCAAFTOTAL-25NOV08COLOWVU-53,2025-11-08T16:55:10.867268Z,0.46,690,no,4a895a6b-f84e-5514-c53d-4a841b0c06e5
KXNCAAFTOTAL-25NOV08COLOWVU-53,2025-11-08T16:54:52.632578Z,0.46,1000,no,1a89401e-34fa-6164-68d0-3bd4338ee1b5
KXNCAAFTOTAL-25NOV08COLOWVU-53,2025-11-08T16:54:11.996531Z,0.47,5500,yes,c0ad478b-aa0f-78ca-e3d3-e840cde2761c
KXNCAAFTOTAL-25NOV08COLOWVU-53,2025-11-08T16:52:50.05303Z,0.46,25,no,ba2c288d-1956-65a4-a0a4-80f4e4d7ba35
KXNCAAFTOTAL-25NOV08COLOWVU-53,2025-11-08T16:52:10.853153Z,0.47,512,yes,1b5d3ff0-a71f-43da-8cd4-4ec958409c44
KXNCAAFTOTAL-25NOV08COLOWVU-53,2025-11-08T16:51:21.750457Z,0.47,1230,yes,c250574c-5767-4d9e-ed13-843ce4916940
KXNCAAFTOTAL-25NOV08COLOWVU-53,2025-11-08T16:51:08.747505Z,0.47,400,yes,6100faca-5fab-46da-1d29-860f0e298240
KXNCAAFTOTAL-25NOV08COLOWVU-53,2025-11-08T16:51:04.611796Z,0.47,1,yes,ccd55f24-d7af-504e-f59c-cb41903646ac
KXNCAAFTOTAL-25NOV08COLOWVU-53,2025-11-08T16:50:27.201141Z,0.47,90,yes,3359f1ba-eccf-445e-e829-fd117810e9c0
KXNCAAFTOTAL-25NOV08COLOWVU-53,2025-11-08T16:47:41.866283Z,0.47,521,yes,47c1e4ec-bac3-7732-d669-86ce0ec7cb8c
KXNCAAFTOTAL-25NOV08COLOWVU-53,2025-11-08T16:46:48.135511Z,0.47,14,yes,14151593-9517-75be-3d44-9717e6c82a30
KXNCAAFTOTAL-25NOV08COLOWVU-53,2025-11-08T16:45:26.475393Z,0.47,10,yes,2799926a-fdef-4562-c98d-86cf607ef8dc
KXNCAAFTOTAL-25NOV08COLOWVU-53,2025-11-08T16:44:54.035676Z,0.46,585,no,239f0a3c-0a76-7b20-ebc6-4c8866906b71
KXNCAAFTOTAL-25NOV08COLOWVU-53,2025-11-08T16:44:26.019918Z,0.47,10,yes,a71d7bce-38ab-79a6-c0d2-8e662327cc30
KXNCAAFTOTAL-25NOV08COLOWVU-53,2025-11-08T16:42:04.037407Z,0.47,10,yes,706062b3-985f-6096-b956-81ac0496401c
KXNCAAFTOTAL-25NOV08COLOWVU-53,2025-11-08T16:40:04.250355Z,0.47,8,yes,89f5f616-d74f-6bde-c901-e0b6ff88067c
KXNCAAFTOTAL-25NOV08COLOWVU-53,2025-11-08T16:38:58.251565Z,0.47,103,yes,193f1013-c95f-4c8a-4cf5-d2932e88515c
KXNCAAFTOTAL-25NOV08COLOWVU-53,2025-11-08T16:37:42.866557Z,0.47,20,yes,fabffa9c-e383-5a06-ee1f-892ab28b4fd0
KXNCAAFTOTAL-25NOV08COLOWVU-53,2025-11-08T16:33:40.77872Z,0.47,2,yes,1e243e97-09df-7baa-b835-b1e38bfef3bc
KXNCAAFTOTAL-25NOV08COLOWVU-53,2025-11-08T16:30:24.463194Z,0.47,82,yes,14a21ede-7733-7302-5e06-4286e44fdd28
KXNCAAFTOTAL-25NOV08COLOWVU-53,2025-11-08T16:27:43.462081Z,0.47,10,yes,1a0ed1fd-b51f-5b7a-0591-6eb88f895cc8
KXNCAAFTOTAL-25NOV08COLOWVU-53,2025-11-08T16:23:52.804675Z,0.47,41,yes,632115a0-180f-5dfe-290f-df9e893d9050
KXNCAAFTOTAL-25NOV08COLOWVU-53,2025-11-08T15:54:00.238346Z,0.46,170,no,d34c9c44-bab5-7d42-05cd-686193f6d9bf
KXNCAAFTOTAL-25NOV08COLOWVU-53,2025-11-08T15:35:45.226564Z,0.49,9,yes,8df0d08a-0894-45c0-7b83-99b850341861
KXNCAAFTOTAL-25NOV08COLOWVU-53,2025-11-08T15:31:40.415331Z,0.46,88,no,fef88774-a82d-6a3a-3b0a-fd919c2768e3
KXNCAAFTOTAL-25NOV08COLOWVU-53,2025-11-08T14:59:49.648543Z,0.49,39,yes,c5e48a8c-4138-7ea0-24c7-f060c118da15
KXNCAAFTOTAL-25NOV08COLOWVU-53,2025-11-08T13:44:38.266001Z,0.5,51,yes,76c852ec-2c77-5078-737a-b5ab1011d205
KXNCAAFTOTAL-25NOV08COLOWVU-53,2025-11-08T13:40:43.857221Z,0.5,2,yes,730fdbaa-bbdb-7c20-94fc-da4b23c5f9c9
KXNCAAFTOTAL-25NOV08COLOWVU-53,2025-11-08T12:59:48.259867Z,0.51,5,yes,7c2676d8-db81-5422-4d42-69d37bd5f7ae
KXNCAAFTOTAL-25NOV08COLOWVU-53,2025-11-08T12:59:48.259867Z,0.51,89,yes,5eabb754-b93c-5ac9-6a28-b1efeb0fae31
KXNCAAFTOTAL-25NOV08COLOWVU-53,2025-11-08T12:26:32.578359Z,0.48,9,no,8cdd7165-1e40-56bb-4429-416176361e3c
KXNCAAFTOTAL-25NOV08COLOWVU-53,2025-11-08T11:36:49.201995Z,0.51,2716,yes,24a75712-6aba-6037-427b-4c8e05e687fd
KXNCAAFTOTAL-25NOV08COLOWVU-53,2025-11-08T11:09:31.253854Z,0.51,189,yes,7cf9766e-e902-7883-29b3-550850e18745
KXNCAAFTOTAL-25NOV08COLOWVU-53,2025-11-08T09:39:09.815979Z,0.51,18,yes,3e5d6d1c-066e-62c3-8a7c-3eac76f969e5
KXNCAAFTOTAL-25NOV08COLOWVU-53,2025-11-08T07:41:53.541384Z,0.47,18,no,61a1da00-d415-557a-c786-504aaad13948
KXNCAAFTOTAL-25NOV08COLOWVU-53,2025-11-08T07:17:27.207141Z,0.51,189,yes,7a68714d-8f5e-77a2-fc80-fffe66c77498
KXNCAAFTOTAL-25NOV08COLOWVU-53,2025-11-08T06:34:01.553086Z,0.51,94,yes,204709e1-c83e-5a36-df51-0cf41ab12cb0
KXNCAAFTOTAL-25NOV08COLOWVU-53,2025-11-08T06:33:58.402567Z,0.51,24,yes,84ec5fc6-baa2-63ca-e6c2-1bb9d7f7f1dc
KXNCAAFTOTAL-25NOV08COLOWVU-53,2025-11-08T06:32:18.992156Z,0.51,37,yes,0a1182dd-51d2-5fce-df42-29fcec8e428c
KXNCAAFTOTAL-25NOV08COLOWVU-53,2025-11-08T06:23:04.353868Z,0.51,169,yes,f8c72b33-d02e-720a-673c-27596ae12629
KXNCAAFTOTAL-25NOV08COLOWVU-53,2025-11-08T06:23:04.353868Z,0.51,3527,yes,8e5ee819-6873-7840-474b-13ce6864da5a
KXNCAAFTOTAL-25NOV08COLOWVU-53,2025-11-08T06:23:04.353868Z,0.51,12,yes,5afeff9f-4083-7eb7-62cf-5528978ad698
KXNCAAFTOTAL-25NOV08COLOWVU-53,2025-11-08T06:23:04.353868Z,0.51,7,yes,1a05a9ae-1c7a-78c2-60c7-fee9a636d8a4
KXNCAAFTOTAL-25NOV08COLOWVU-53,2025-11-08T06:06:48.457727Z,0.51,1000,yes,5ac749fb-4a0f-626b-b082-9507484462d8
KXNCAAFTOTAL-25NOV08COLOWVU-53,2025-11-08T06:03:58.449151Z,0.5,290,yes,dbacd398-d667-4ab5-e246-639b3e72b38a
KXNCAAFTOTAL-25NOV08COLOWVU-53,2025-11-08T06:03:58.449151Z,0.5,54,yes,c1e697df-4285-431f-eae4-6b8b980675d1
KXNCAAFTOTAL-25NOV08COLOWVU-53,2025-11-08T06:03:58.449151Z,0.5,181,yes,44336739-0c2e-4cf7-f769-71ad8319fcf8
KXNCAAFTOTAL-25NOV08COLOWVU-53,2025-11-08T06:03:58.449151Z,0.5,273,yes,10d17d18-8542-4722-fb39-7948b381ee79
KXNCAAFTOTAL-25NOV08COLOWVU-53,2025-11-08T05:49:53.25795Z,0.5,6,yes,5cb60127-eebe-5f53-051c-4430d1d87de4
KXNCAAFTOTAL-25NOV08COLOWVU-53,2025-11-08T05:45:06.293572Z,0.5,540,yes,5ea672ea-0e72-707f-20a6-1f9355c26024
KXNCAAFTOTAL-25NOV08COLOWVU-53,2025-11-08T05:39:30.345335Z,0.5,3381,yes,d9e8cd84-aef2-75f3-6cf2-172bc5bea6ec
KXNCAAFTOTAL-25NOV08COLOWVU-53,2025-11-08T05:35:45.920779Z,0.5,9,yes,d91c45e2-cdd2-57e3-73e9-b4b28f806a70
KXNCAAFTOTAL-25NOV08COLOWVU-53,2025-11-08T05:35:45.920779Z,0.5,90,yes,1cdd66da-4ea4-5302-4c7b-c90807db278b
KXNCAAFTOTAL-25NOV08COLOWVU-53,2025-11-08T05:12:10.618384Z,0.45,8,no,9c9299cc-716b-64b7-06cd-47bb1369e186
KXNCAAFTOTAL-25NOV08COLOWVU-53,2025-11-07T21:12:42.101385Z,0.49,19,yes,ebe19c77-6e18-6ba2-1bac-1e5fc1fb5f6a
