ticker,created_time,price,count,taker_side,trade_id
KXNCAAFSPREAD-25NOV08TXAMMIZZ-TXAM9,2025-11-09T00:05:17.81368Z,0.99,201,no,98d2e01d-afff-5789-b919-1c695c9c77b4
KXNCAAFSPREAD-25NOV08TXAMMIZZ-TXAM9,2025-11-09T00:01:57.407659Z,0.99,27,no,95d04f2f-9713-600d-3781-5f936505da58
KXNCAAFSPREAD-25NOV08TXAMMIZZ-TXAM9,2025-11-09T00:00:02.70357Z,0.99,670,no,90bd981e-197f-5221-da42-8e67eda2f2e0
KXNCAAFSPREAD-25NOV08TXAMMIZZ-TXAM9,2025-11-08T23:54:54.691088Z,0.99,17,no,c315be60-a3a7-7bf1-2478-5b0289e87744
KXNCAAFSPREAD-25NOV08TXAMMIZZ-TXAM9,2025-11-08T23:54:45.9614Z,0.99,17,no,9740c8a4-035f-6f21-5758-e743c02eb878
KXNCAAFSPREAD-25NOV08TXAMMIZZ-TXAM9,2025-11-08T23:52:14.918259Z,0.99,300,yes,93a84476-fa7b-6098-ef8e-33dd5b7c1248
KXNCAAFSPREAD-25NOV08TXAMMIZZ-TXAM9,2025-11-08T23:52:14.918259Z,0.98,200,yes,4033cd3b-c517-6cf2-e4a6-5c7cd77286c8
KXNCAAFSPREAD-25NOV08TXAMMIZZ-TXAM9,2025-11-08T23:52:07.794605Z,0.97,78,yes,a01813d7-c867-48e7-bfbb-b4734f01eaed
KXNCAAFSPREAD-25NOV08TXAMMIZZ-TXAM9,2025-11-08T23:51:13.172552Z,0.96,7,yes,02f21852-0dc4-7198-7937-48d608c349e0
KXNCAAFSPREAD-25NOV08TXAMMIZZ-TXAM9,2025-11-08T23:48:17.750836Z,0.96,3,yes,b5ed9c15-b99c-43bc-dde4-a57580e49128
KXNCAAFSPREAD-25NOV08TXAMMIZZ-TXAM9,2025-11-08T23:44:32.555847Z,0.97,15,yes,24f715de-f2a3-7da7-f9a5-a9b1e20e0331
KXNCAAFSPREAD-25NOV08TXAMMIZZ-TXAM9,2025-11-08T23:41:35.647772Z,0.97,7,yes,1e505696-6723-6b93-fe50-27b39f620c11
KXNCAAFSPREAD-25NOV08TXAMMIZZ-TXAM9,2025-11-08T23:37:46.142206Z,0.94,94,yes,e2e2b25e-3826-5220-03ec-e76a09596814
KXNCAAFSPREAD-25NOV08TXAMMIZZ-TXAM9,2025-11-08T23:21:54.449734Z,0.92,1,yes,edd82f5e-909a-40dc-e554-86119febaae9
KXNCAAFSPREAD-25NOV08TXAMMIZZ-TXAM9,2025-11-08T23:20:09.482182Z,0.94,6,yes,fc4043c0-6fce-4f20-5f8f-e0662d8bf0b8
KXNCAAFSPREAD-25NOV08TXAMMIZZ-TXAM9,2025-11-08T23:20:09.482182Z,0.93,100,yes,e3e3f94a-d9e2-479f-4c8c-e20d2f65d4ce
KXNCAAFSPREAD-25NOV08TXAMMIZZ-TXAM9,2025-11-08T23:12:32.893597Z,0.88,21,no,fd9b9645-b8ac-715d-e852-508a870662be
KXNCAAFSPREAD-25NOV08TXAMMIZZ-TXAM9,2025-11-08T23:10:51.804184Z,0.83,114,no,83c1c604-c3e0-524f-6fe8-fccd545dd51a
KXNCAAFSPREAD-25NOV08TXAMMIZZ-TXAM9,2025-11-08T22:48:11.350313Z,0.9,30,yes,e50b26d2-384d-73a1-305e-1dd74d8e0404
KXNCAAFSPREAD-25NOV08TXAMMIZZ-TXAM9,2025-11-08T22:48:11.350313Z,0.9,25,yes,186350cd-62be-71bf-1890-c19d37b5d200
KXNCAAFSPREAD-25NOV08TXAMMIZZ-TXAM9,2025-11-08T22:12:26.648467Z,0.71,22,no,8de6997b-7e0b-6e5e-0b7b-481cbadaaebd
KXNCAAFSPREAD-25NOV08TXAMMIZZ-TXAM9,2025-11-08T22:09:28.689884Z,0.67,214,no,8146d8b4-e467-5348-dc3f-d5df51b9a997
KXNCAAFSPREAD-25NOV08TXAMMIZZ-TXAM9,2025-11-08T22:08:14.682812Z,0.65,45,no,9bc9806d-0291-5f90-7fc8-381635fbf5a9
KXNCAAFSPREAD-25NOV08TXAMMIZZ-TXAM9,2025-11-08T22:07:26.36507Z,0.69,70,yes,d2e90dcd-92fa-7df2-34c8-56c6f48e624e
KXNCAAFSPREAD-25NOV08TXAMMIZZ-TXAM9,2025-11-08T22:06:05.536758Z,0.48,19,no,4bbe1941-17f9-6f0b-fa07-a88ee1e596ab
KXNCAAFSPREAD-25NOV08TXAMMIZZ-TXAM9,2025-11-08T22:00:39.188228Z,0.5,284,no,7465a424-ba39-5744-fa9b-cd9fc6c48f19
KXNCAAFSPREAD-25NOV08TXAMMIZZ-TXAM9,2025-11-08T22:00:30.457217Z,0.5,9,no,b5410d65-8aed-76ac-e340-2246dab3f385
KXNCAAFSPREAD-25NOV08TXAMMIZZ-TXAM9,2025-11-08T22:00:29.121577Z,0.58,5,yes,1b6d0e3f-170c-6e38-26ad-66f63b8aec5b
KXNCAAFSPREAD-25NOV08TXAMMIZZ-TXAM9,2025-11-08T22:00:21.552512Z,0.5,370,no,99db0ff2-fd75-65dc-dd6b-9eb738f4eabd
KXNCAAFSPREAD-25NOV08TXAMMIZZ-TXAM9,2025-11-08T21:50:58.277135Z,0.74,33,yes,faf20149-2ff6-6aa2-3564-ad069c0289f6
KXNCAAFSPREAD-25NOV08TXAMMIZZ-TXAM9,2025-11-08T21:49:33.800439Z,0.7,13,yes,8faf749c-686f-75a9-e912-77807c470545
KXNCAAFSPREAD-25NOV08TXAMMIZZ-TXAM9,2025-11-08T21:49:06.062513Z,0.47,134,no,fff4cb5d-0aa5-7cf7-3116-83387d18dd04
KXNCAAFSPREAD-25NOV08TXAMMIZZ-TXAM9,2025-11-08T21:45:32.936435Z,0.54,124,yes,dad768e8-a1d6-7f02-2efd-e81902ce8ffc
KXNCAAFSPREAD-25NOV08TXAMMIZZ-TXAM9,2025-11-08T21:45:32.936435Z,0.72,106,yes,bfeff470-b8b6-76c6-0bda-5f3a85536022
KXNCAAFSPREAD-25NOV08TXAMMIZZ-TXAM9,2025-11-08T21:45:03.349416Z,0.54,3,yes,f1c51fac-53de-400a-1680-9cea3f6ac130
KXNCAAFSPREAD-25NOV08TXAMMIZZ-TXAM9,2025-11-08T21:44:01.954318Z,0.54,17,yes,d55f5df0-2cd6-61ca-b91b-56fcf095bee0
KXNCAAFSPREAD-25NOV08TXAMMIZZ-TXAM9,2025-11-08T21:42:58.32145Z,0.54,35,yes,cb01f0e1-b26a-508e-a3e8-2904701f1ab8
KXNCAAFSPREAD-25NOV08TXAMMIZZ-TXAM9,2025-11-08T21:34:21.04446Z,0.64,15,yes,20f833d1-2cf8-6b16-4171-6f8ff9969304
KXNCAAFSPREAD-25NOV08TXAMMIZZ-TXAM9,2025-11-08T21:34:04.349545Z,0.63,15,yes,56b1b294-c640-7810-8724-d4a8103106e9
KXNCAAFSPREAD-25NOV08TXAMMIZZ-TXAM9,2025-11-08T21:33:43.938249Z,0.6,311,no,0fca8893-7e3a-7f25-bfb1-efd5662caecb
KXNCAAFSPREAD-25NOV08TXAMMIZZ-TXAM9,2025-11-08T21:32:36.667255Z,0.57,109,no,e76cb8c2-3795-7f02-63f7-fd83a0101ef6
KXNCAAFSPREAD-25NOV08TXAMMIZZ-TXAM9,2025-11-08T21:32:36.667255Z,0.58,185,no,2be38a3c-8a91-7a19-6ae5-f34de84a8aaf
KXNCAAFSPREAD-25NOV08TXAMMIZZ-TXAM9,2025-11-08T21:32:04.238776Z,0.63,38,yes,bad3ce6d-e03b-76e6-fe37-9296bb45603b
KXNCAAFSPREAD-25NOV08TXAMMIZZ-TXAM9,2025-11-08T21:31:14.309261Z,0.64,120,yes,06b8251b-a6fe-7387-b087-005f4ff12bd3
KXNCAAFSPREAD-25NOV08TXAMMIZZ-TXAM9,2025-11-08T21:29:56.3177Z,0.77,437,yes,a21dd029-d602-5f3e-29b7-3a0ed2bc9e82
KXNCAAFSPREAD-25NOV08TXAMMIZZ-TXAM9,2025-11-08T21:29:56.3177Z,0.72,10,yes,17ec50c9-9a14-55c7-3f2c-4fd1e228b146
KXNCAAFSPREAD-25NOV08TXAMMIZZ-TXAM9,2025-11-08T21:25:22.051592Z,0.45,203,no,b6179498-ded7-4d26-d1a6-0742236faca7
KXNCAAFSPREAD-25NOV08TXAMMIZZ-TXAM9,2025-11-08T21:25:22.051592Z,0.53,165,no,09d55ca4-d6c3-4006-d664-ace8880c44eb
KXNCAAFSPREAD-25NOV08TXAMMIZZ-TXAM9,2025-11-08T21:23:35.468334Z,0.53,25,no,690c43e5-d513-7426-9e7a-8d7a931118a7
KXNCAAFSPREAD-25NOV08TXAMMIZZ-TXAM9,2025-11-08T21:23:16.054367Z,0.59,23,yes,efd33eec-de8e-7050-c0dd-3661b1a151fa
KXNCAAFSPREAD-25NOV08TXAMMIZZ-TXAM9,2025-11-08T21:22:54.731358Z,0.6,10,no,2d539f34-048c-4f73-3e67-e59e2625772c
KXNCAAFSPREAD-25NOV08TXAMMIZZ-TXAM9,2025-11-08T21:21:26.824754Z,0.53,10,no,8a2838d3-5a7b-6c8a-f87b-79a93b7d0343
KXNCAAFSPREAD-25NOV08TXAMMIZZ-TXAM9,2025-11-08T21:21:24.357409Z,0.53,100,no,cb0312d9-ef5c-5793-6b64-90fcabfdefdd
KXNCAAFSPREAD-25NOV08TXAMMIZZ-TXAM9,2025-11-08T21:16:51.074395Z,0.59,8,yes,a7a85ba3-d7c7-4be7-9e76-30fd810e67c7
KXNCAAFSPREAD-25NOV08TXAMMIZZ-TXAM9,2025-11-08T21:15:03.812523Z,0.53,91,yes,b48d2512-8814-5f01-98ee-8b59a3dec233
KXNCAAFSPREAD-25NOV08TXAMMIZZ-TXAM9,2025-11-08T21:15:03.666316Z,0.53,91,yes,3e5f6b07-b3f0-4149-0bbe-5af5bf00e0e7
KXNCAAFSPREAD-25NOV08TXAMMIZZ-TXAM9,2025-11-08T21:10:57.283456Z,0.64,76,yes,94dc8137-8a59-536a-5bff-d47be930478b
KXNCAAFSPREAD-25NOV08TXAMMIZZ-TXAM9,2025-11-08T21:09:00.270278Z,0.48,201,yes,4dd85b9b-dfff-63bd-d5f9-e0239c2fad93
KXNCAAFSPREAD-25NOV08TXAMMIZZ-TXAM9,2025-11-08T21:08:35.33055Z,0.46,27,yes,e970bbfe-03d9-74f6-be15-b510e7a86407
KXNCAAFSPREAD-25NOV08TXAMMIZZ-TXAM9,2025-11-08T21:03:04.338264Z,0.39,31,no,bffc2ae7-7a86-4ed9-41ca-f94178082b98
KXNCAAFSPREAD-25NOV08TXAMMIZZ-TXAM9,2025-11-08T21:02:34.309443Z,0.39,31,no,603a144b-c21e-5921-58ab-59a7979ad15c
KXNCAAFSPREAD-25NOV08TXAMMIZZ-TXAM9,2025-11-08T20:58:04.10213Z,0.45,21,yes,49eacc8f-12f5-54f1-3ecf-a7780289a417
KXNCAAFSPREAD-25NOV08TXAMMIZZ-TXAM9,2025-11-08T20:52:38.196469Z,0.45,10,no,867786f8-0f6a-7d55-e473-a313575522ec
KXNCAAFSPREAD-25NOV08TXAMMIZZ-TXAM9,2025-11-08T20:52:04.766374Z,0.48,20,yes,2286cef2-3750-440a-be88-1dfd4dd47c58
KXNCAAFSPREAD-25NOV08TXAMMIZZ-TXAM9,2025-11-08T20:51:59.943492Z,0.48,22,yes,8fc79dc3-e7ea-602e-a0b7-6544d0e99c22
KXNCAAFSPREAD-25NOV08TXAMMIZZ-TXAM9,2025-11-08T20:49:19.063629Z,0.39,15,no,86209278-2f32-4431-6b6d-fa226770d500
KXNCAAFSPREAD-25NOV08TXAMMIZZ-TXAM9,2025-11-08T20:48:49.118134Z,0.45,17,yes,11e7fe28-7ead-57f9-74f4-937d7134cc4f
KXNCAAFSPREAD-25NOV08TXAMMIZZ-TXAM9,2025-11-08T20:44:55.937476Z,0.47,22,yes,b12397d6-e3c1-796d-7e21-d60d245ef63b
KXNCAAFSPREAD-25NOV08TXAMMIZZ-TXAM9,2025-11-08T20:43:42.749798Z,0.48,51,yes,d8cbe50a-300b-5bf3-2c1d-6b79d1357465
KXNCAAFSPREAD-25NOV08TXAMMIZZ-TXAM9,2025-11-08T20:42:46.421832Z,0.48,8,yes,039419b9-7c5f-7c8f-1a42-976276ea2a35
KXNCAAFSPREAD-25NOV08TXAMMIZZ-TXAM9,2025-11-08T20:42:13.341606Z,0.48,44,yes,13882f97-f07f-7643-1acd-ec3db484f6f1
KXNCAAFSPREAD-25NOV08TXAMMIZZ-TXAM9,2025-11-08T20:41:52.884293Z,0.48,20,yes,8d145f72-554f-417f-8165-18eed283cfe5
KXNCAAFSPREAD-25NOV08TXAMMIZZ-TXAM9,2025-11-08T20:34:40.449209Z,0.4,275,no,6d4fe560-6666-7ae6-a7b1-e64c6bdaaf57
KXNCAAFSPREAD-25NOV08TXAMMIZZ-TXAM9,2025-11-08T20:33:54.6834Z,0.61,15,yes,881cbf21-6284-4e7e-8fe9-84f2ebd62048
KXNCAAFSPREAD-25NOV08TXAMMIZZ-TXAM9,2025-11-08T20:32:08.803478Z,0.39,23,no,53cc9015-7baa-77fd-4db6-d5e2daf2ab34
KXNCAAFSPREAD-25NOV08TXAMMIZZ-TXAM9,2025-11-08T20:30:32.805266Z,0.4,324,no,2c495853-8682-6f28-6c4b-828f19264c23
KXNCAAFSPREAD-25NOV08TXAMMIZZ-TXAM9,2025-11-08T20:26:58.422923Z,0.43,11,yes,46b2cf51-5a7c-7100-019c-a1186bba1735
KXNCAAFSPREAD-25NOV08TXAMMIZZ-TXAM9,2025-11-08T20:26:41.667592Z,0.4,112,no,aa76c330-7b2f-462f-fd99-3946918510e5
KXNCAAFSPREAD-25NOV08TXAMMIZZ-TXAM9,2025-11-08T20:26:41.667592Z,0.4,149,no,237eec98-b545-4c73-c704-a4976192baf4
KXNCAAFSPREAD-25NOV08TXAMMIZZ-TXAM9,2025-11-08T20:19:44.943118Z,0.43,559,yes,d50522f2-174c-73f8-0eab-515cb0342161
KXNCAAFSPREAD-25NOV08TXAMMIZZ-TXAM9,2025-11-08T20:17:46.054009Z,0.43,559,yes,fabe439b-4918-56d8-7c1b-3e960dca93ad
KXNCAAFSPREAD-25NOV08TXAMMIZZ-TXAM9,2025-11-08T20:17:26.570421Z,0.43,37,yes,acfb06cc-3338-5714-91b3-106c6ad35211
KXNCAAFSPREAD-25NOV08TXAMMIZZ-TXAM9,2025-11-08T20:16:21.429023Z,0.43,670,yes,17c45d8c-6a30-63e4-22ab-4a88227bb569
KXNCAAFSPREAD-25NOV08TXAMMIZZ-TXAM9,2025-11-08T20:15:22.599969Z,0.43,16,yes,78a14862-0f4d-47ce-32a5-fef16a83bd57
KXNCAAFSPREAD-25NOV08TXAMMIZZ-TXAM9,2025-11-08T20:14:24.472581Z,0.43,559,yes,76068615-87c1-5a1a-9ef6-7a0ec7b51453
KXNCAAFSPREAD-25NOV08TXAMMIZZ-TXAM9,2025-11-08T20:11:47.052962Z,0.42,33,yes,60798db4-b0dc-7fc9-a356-2ab24b59ca49
KXNCAAFSPREAD-25NOV08TXAMMIZZ-TXAM9,2025-11-08T20:07:45.974788Z,0.4,19,no,ff9fd8b1-8819-5a67-a453-117bc1391ca0
KXNCAAFSPREAD-25NOV08TXAMMIZZ-TXAM9,2025-11-08T19:59:22.106501Z,0.4,32,no,03ba44d1-4d81-78eb-d550-b6ba71419908
KXNCAAFSPREAD-25NOV08TXAMMIZZ-TXAM9,2025-11-08T19:52:42.889049Z,0.42,45,yes,79ff58c5-8180-7e2d-6bf2-a0e02791e961
KXNCAAFSPREAD-25NOV08TXAMMIZZ-TXAM9,2025-11-08T19:45:49.552184Z,0.42,22,yes,72aabd91-c57c-6761-4870-89bf190fb955
KXNCAAFSPREAD-25NOV08TXAMMIZZ-TXAM9,2025-11-08T19:34:59.649385Z,0.42,25,yes,d6633dbc-ca50-6309-976d-898c2f0b1da1
KXNCAAFSPREAD-25NOV08TXAMMIZZ-TXAM9,2025-11-08T19:19:12.460865Z,0.42,1144,yes,c5d15b57-772c-4ccd-e4a0-7e899b2f87a5
KXNCAAFSPREAD-25NOV08TXAMMIZZ-TXAM9,2025-11-08T19:18:13.797383Z,0.42,11,yes,0235c4c4-7738-66e1-4d47-5be152afa551
KXNCAAFSPREAD-25NOV08TXAMMIZZ-TXAM9,2025-11-08T19:05:40.45222Z,0.42,22,yes,b0606542-431c-76a5-3570-fbfefbd9a1dd
KXNCAAFSPREAD-25NOV08TXAMMIZZ-TXAM9,2025-11-08T18:20:00.505132Z,0.42,91,yes,77201287-d014-4989-5d09-667e9f2b9871
KXNCAAFSPREAD-25NOV08TXAMMIZZ-TXAM9,2025-11-08T18:09:06.7818Z,0.42,11,yes,5652d66c-4efc-7b65-716e-0c3e31419b21
KXNCAAFSPREAD-25NOV08TXAMMIZZ-TXAM9,2025-11-08T18:01:29.161858Z,0.42,86,yes,01a1a43a-6214-5a99-73d4-a1d255790ad9
KXNCAAFSPREAD-25NOV08TXAMMIZZ-TXAM9,2025-11-08T17:54:49.876102Z,0.42,9,yes,e7666e09-03ec-5bc5-dbe6-c86d7cc9a151
KXNCAAFSPREAD-25NOV08TXAMMIZZ-TXAM9,2025-11-08T17:46:37.095147Z,0.42,114,yes,0f7d1c0c-9234-536d-cb60-74354609dd55
KXNCAAFSPREAD-25NOV08TXAMMIZZ-TXAM9,2025-11-08T16:36:06.463574Z,0.42,32,yes,364e9a93-f7f4-7439-c772-f93c73c5f5dd
KXNCAAFSPREAD-25NOV08TXAMMIZZ-TXAM9,2025-11-08T16:35:13.114484Z,0.42,11,yes,20fc6c12-372c-4135-e76a-af48b79c3a25
KXNCAAFSPREAD-25NOV08TXAMMIZZ-TXAM9,2025-11-08T16:03:10.686874Z,0.42,11,yes,eb55373e-53bc-56a1-bd37-9ef31fddb925
KXNCAAFSPREAD-25NOV08TXAMMIZZ-TXAM9,2025-11-08T15:58:37.480291Z,0.42,50,yes,cf8658f5-8b34-6595-b9fc-f20c49356d11
KXNCAAFSPREAD-25NOV08TXAMMIZZ-TXAM9,2025-11-08T15:30:31.526409Z,0.42,22,yes,de667d8d-9a9c-4e09-6f97-1538a44d2ad5
KXNCAAFSPREAD-25NOV08TXAMMIZZ-TXAM9,2025-11-08T15:29:01.552655Z,0.42,34,yes,8bf3e7b1-f698-676d-e853-fa60fe327d3d
KXNCAAFSPREAD-25NOV08TXAMMIZZ-TXAM9,2025-11-08T15:27:09.45693Z,0.42,14,yes,232a8a2a-4c18-5c5d-2ec8-0953a9d00985
KXNCAAFSPREAD-25NOV08TXAMMIZZ-TXAM9,2025-11-08T14:55:09.208921Z,0.42,22,yes,9e2555d6-96d8-656d-9634-57ea67b825e5
KXNCAAFSPREAD-25NOV08TXAMMIZZ-TXAM9,2025-11-08T14:18:37.177807Z,0.4,32,no,0ae9f43e-9f74-59af-f542-cde21466016e
KXNCAAFSPREAD-25NOV08TXAMMIZZ-TXAM9,2025-11-08T14:08:23.939399Z,0.42,228,yes,ec88c0bb-c0ed-401a-d5fd-ae03f6f0804c
KXNCAAFSPREAD-25NOV08TXAMMIZZ-TXAM9,2025-11-08T12:06:18.748938Z,0.43,22,yes,a7b41c21-ccad-5710-edb7-677cf4c5a4b1
KXNCAAFSPREAD-25NOV08TXAMMIZZ-TXAM9,2025-11-08T11:18:11.429452Z,0.43,156,yes,b94f369e-67e5-5dec-ef3a-322121e439d9
KXNCAAFSPREAD-25NOV08TXAMMIZZ-TXAM9,2025-11-08T11:09:24.574673Z,0.43,10,yes,08a392a9-7935-51f0-72db-3f5b05165195
KXNCAAFSPREAD-25NOV08TXAMMIZZ-TXAM9,2025-11-08T10:15:37.949699Z,0.4,20,no,91f94dd4-0871-58ae-144f-845ca8e8f339
KXNCAAFSPREAD-25NOV08TXAMMIZZ-TXAM9,2025-11-08T07:03:57.440896Z,0.62,67,yes,f06bec31-9893-730e-9b0e-9bf865fbe6d3
KXNCAAFSPREAD-25NOV08TXAMMIZZ-TXAM9,2025-11-08T03:23:27.065923Z,0.4,16,no,2b553e48-d9e4-5843-46ed-cac483da33d8
KXNCAAFSPREAD-25NOV08TXAMMIZZ-TXAM9,2025-11-08T02:34:24.903778Z,0.43,4,yes,35c40a53-ded3-51c4-7213-93aeb96ae9cb
KXNCAAFSPREAD-25NOV08TXAMMIZZ-TXAM9,2025-11-07T22:54:03.088148Z,0.4,10,no,a05c381c-8208-7897-29f2-07610a358efc
KXNCAAFSPREAD-25NOV08TXAMMIZZ-TXAM9,2025-11-07T22:17:12.969683Z,0.4,8,no,aae11656-07d4-5357-f203-808041126e50
