ticker,created_time,price,count,taker_side,trade_id
KXNCAAMBSPREAD-25NOV08ARKMSU-MSU4,2025-11-09T02:22:13.072594Z,0.35,13,yes,6b6d8855-9df4-4f94-0985-4c8a6619dd3b
KXNCAAMBSPREAD-25NOV08ARKMSU-MSU4,2025-11-09T02:19:39.814041Z,0.01,200,no,be2879b4-e7ab-4181-5c63-ffb14812ec7a
KXNCAAMBSPREAD-25NOV08ARKMSU-MSU4,2025-11-09T02:19:39.814041Z,0.03,40,no,90f0e52f-53f5-4a3b-6b7f-309cb5ff3ea4
KXNCAAMBSPREAD-25NOV08ARKMSU-MSU4,2025-11-09T02:16:09.17163Z,0.51,3,yes,a2b473b4-db13-46b2-c540-2b2fdfeb288b
KXNCAAMBSPREAD-25NOV08ARKMSU-MSU4,2025-11-09T02:11:47.391446Z,0.41,20,no,37009067-7d1b-6578-f5c0-f31a9544a6c1
KXNCAAMBSPREAD-25NOV08ARKMSU-MSU4,2025-11-09T02:11:47.391446Z,0.42,10,no,187edb5b-f9ba-6627-e99f-b90511f902d3
KXNCAAMBSPREAD-25NOV08ARKMSU-MSU4,2025-11-09T02:04:57.57578Z,0.51,10,no,62c26d5b-e6c6-739c-e031-6bbfd8556fbc
KXNCAAMBSPREAD-25NOV08ARKMSU-MSU4,2025-11-09T02:00:58.531879Z,0.51,10,no,83c1f88c-6c02-6dac-9714-8e0cc5e71004
KXNCAAMBSPREAD-25NOV08ARKMSU-MSU4,2025-11-09T01:59:27.495511Z,0.7,10,no,703ef66c-e178-7af3-2106-0acaa087a099
KXNCAAMBSPREAD-25NOV08ARKMSU-MSU4,2025-11-09T01:58:21.256599Z,0.99,10,yes,bd433830-4654-6060-70fa-ae51ae4eb0bd
KXNCAAMBSPREAD-25NOV08ARKMSU-MSU4,2025-11-09T01:57:30.368652Z,0.6,60,no,e2e27f3e-e859-40f1-bb1f-c33e353cb88c
KXNCAAMBSPREAD-25NOV08ARKMSU-MSU4,2025-11-09T01:51:35.213954Z,0.62,20,yes,866efb25-c696-5f12-cb46-31fb6b60e121
KXNCAAMBSPREAD-25NOV08ARKMSU-MSU4,2025-11-09T01:50:08.873072Z,0.51,50,no,04f5fecb-7ec0-454d-50df-242493b6d032
KXNCAAMBSPREAD-25NOV08ARKMSU-MSU4,2025-11-09T01:41:43.286366Z,0.54,98,yes,72ab1ab5-b777-6dc6-d84e-3c30772b6c54
KXNCAAMBSPREAD-25NOV08ARKMSU-MSU4,2025-11-09T01:34:54.472701Z,0.5,80,yes,e0336361-bd21-78f6-20e7-d676c3d49dc2
KXNCAAMBSPREAD-25NOV08ARKMSU-MSU4,2025-11-09T01:28:29.733665Z,0.48,10,yes,b9792604-8aaa-42a2-ec51-7ebe2842e7ba
KXNCAAMBSPREAD-25NOV08ARKMSU-MSU4,2025-11-09T01:26:33.711449Z,0.42,60,yes,da7c41c4-78d8-7aed-2deb-dd50dd094afe
KXNCAAMBSPREAD-25NOV08ARKMSU-MSU4,2025-11-09T01:15:52.907869Z,0.34,14,yes,ff1f057d-ef24-6ce5-579a-2adf0e7a4a07
KXNCAAMBSPREAD-25NOV08ARKMSU-MSU4,2025-11-09T01:03:38.409781Z,0.32,14,yes,7d8a7deb-1ca8-6998-3aca-15175b72f969
KXNCAAMBSPREAD-25NOV08ARKMSU-MSU4,2025-11-09T00:56:39.349057Z,0.3,31,yes,7c936044-f34f-6924-1317-36d55900e06a
KXNCAAMBSPREAD-25NOV08ARKMSU-MSU4,2025-11-09T00:55:51.172893Z,0.18,8,no,e6bc180a-0d91-6635-2d8b-a2c3109f850f
KXNCAAMBSPREAD-25NOV08ARKMSU-MSU4,2025-11-09T00:50:54.608585Z,0.34,14,yes,8f5b7996-0452-7809-d235-cabc40b80ff7
KXNCAAMBSPREAD-25NOV08ARKMSU-MSU4,2025-11-09T00:45:17.015595Z,0.38,15,yes,8e06ad48-6ba1-585e-baa0-128d0981d154
KXNCAAMBSPREAD-25NOV08ARKMSU-MSU4,2025-11-09T00:42:02.660353Z,0.35,13,yes,35c418a1-8640-4492-b1ab-a44a449ff113
KXNCAAMBSPREAD-25NOV08ARKMSU-MSU4,2025-11-09T00:41:04.310319Z,0.35,40,no,3e8c5a9b-b606-7cd1-b626-2ce463097cf1
KXNCAAMBSPREAD-25NOV08ARKMSU-MSU4,2025-11-09T00:40:12.412798Z,0.37,129,yes,a2c78f71-8ad6-5fec-b16c-8edab77988a3
KXNCAAMBSPREAD-25NOV08ARKMSU-MSU4,2025-11-09T00:33:20.227176Z,0.35,250,yes,a37f338f-6e4d-6abe-410f-47d5f6a17be5
KXNCAAMBSPREAD-25NOV08ARKMSU-MSU4,2025-11-09T00:33:15.646474Z,0.38,40,no,ed2d62ea-72ce-4486-a5bf-0a7899a94ec8
KXNCAAMBSPREAD-25NOV08ARKMSU-MSU4,2025-11-09T00:28:45.115324Z,0.39,61,yes,f1a5da93-35e4-4f3b-4c25-397ba0f6f2aa
KXNCAAMBSPREAD-25NOV08ARKMSU-MSU4,2025-11-09T00:24:22.970593Z,0.37,12,yes,32e79f38-8a9e-4ec3-05ac-b86260a57320
KXNCAAMBSPREAD-25NOV08ARKMSU-MSU4,2025-11-09T00:20:10.515463Z,0.38,1,yes,e00e9699-6941-762f-96d4-bdc2f29132e9
KXNCAAMBSPREAD-25NOV08ARKMSU-MSU4,2025-11-09T00:14:29.785724Z,0.5,19,yes,99ca54a6-fae5-7152-dc6d-a954fb126137
KXNCAAMBSPREAD-25NOV08ARKMSU-MSU4,2025-11-09T00:12:50.056183Z,0.49,9,yes,eddf331e-74d2-4c5b-dedb-a0a815c3fe6a
KXNCAAMBSPREAD-25NOV08ARKMSU-MSU4,2025-11-09T00:11:09.120717Z,0.44,240,no,6946456b-8c61-486d-826a-ab767a1dc19f
KXNCAAMBSPREAD-25NOV08ARKMSU-MSU4,2025-11-09T00:09:48.153745Z,0.97,50,yes,fcb03a15-f261-5313-bf5a-de1bf76eb065
KXNCAAMBSPREAD-25NOV08ARKMSU-MSU4,2025-11-09T00:09:48.153745Z,0.99,200,yes,30934ef3-7b28-560e-a1a0-06d92ba99e25
KXNCAAMBSPREAD-25NOV08ARKMSU-MSU4,2025-11-09T00:09:48.153745Z,0.48,250,yes,01648f24-8493-54e4-8f73-d76a2e8f63bd
KXNCAAMBSPREAD-25NOV08ARKMSU-MSU4,2025-11-09T00:05:07.894942Z,0.03,10,no,e901a0ea-8f89-63c7-349b-6229f3d781c4
KXNCAAMBSPREAD-25NOV08ARKMSU-MSU4,2025-11-09T00:00:11.044139Z,0.43,11,yes,a10297d5-bfde-45ca-38d6-881d87c6205d
KXNCAAMBSPREAD-25NOV08ARKMSU-MSU4,2025-11-08T23:58:52.232704Z,0.4,45,no,584afd04-1011-5a83-8503-f1815e938dc8
KXNCAAMBSPREAD-25NOV08ARKMSU-MSU4,2025-11-08T23:50:33.757667Z,0.42,11,yes,5d11a896-1066-5c5b-4d74-a729a40c604d
KXNCAAMBSPREAD-25NOV08ARKMSU-MSU4,2025-11-08T23:44:59.971983Z,0.43,161,yes,90982f77-968e-74f6-3e74-70f108f10d21
KXNCAAMBSPREAD-25NOV08ARKMSU-MSU4,2025-11-08T23:39:55.14761Z,0.4,297,no,cce28999-79da-7d6e-c671-a70e3087d27a
KXNCAAMBSPREAD-25NOV08ARKMSU-MSU4,2025-11-08T23:39:55.14761Z,0.4,4565,no,14e8e819-4f67-72e8-d7fa-b6400916140c
KXNCAAMBSPREAD-25NOV08ARKMSU-MSU4,2025-11-08T23:26:55.841848Z,0.44,430,yes,6234d519-456e-7cb9-8557-92996365aab1
KXNCAAMBSPREAD-25NOV08ARKMSU-MSU4,2025-11-08T23:12:49.048484Z,0.41,5,no,d6609044-cf98-58ed-a788-089be730239c
KXNCAAMBSPREAD-25NOV08ARKMSU-MSU4,2025-11-08T22:54:24.430802Z,0.43,112,yes,4cb55aed-7225-48a8-a427-dc2871ec5538
KXNCAAMBSPREAD-25NOV08ARKMSU-MSU4,2025-11-08T22:50:46.550596Z,0.43,21,yes,a5f156c3-93bb-4fde-2b29-46afaaaac95a
KXNCAAMBSPREAD-25NOV08ARKMSU-MSU4,2025-11-08T22:44:45.476242Z,0.44,154,yes,cd2f8426-bbc6-43c9-d0aa-682991d24b85
KXNCAAMBSPREAD-25NOV08ARKMSU-MSU4,2025-11-08T22:15:37.919691Z,0.41,154,no,221ea6a2-2fb4-5855-d544-bf8b67301d28
KXNCAAMBSPREAD-25NOV08ARKMSU-MSU4,2025-11-08T22:04:31.940852Z,0.44,124,yes,31402aff-06ce-59a9-4f8a-1b39fab9da1d
KXNCAAMBSPREAD-25NOV08ARKMSU-MSU4,2025-11-08T22:01:53.205592Z,0.42,30,no,a80ac2bc-fbb2-4307-508d-7c6920115e3b
KXNCAAMBSPREAD-25NOV08ARKMSU-MSU4,2025-11-08T21:45:27.029425Z,0.41,175,no,0c50063c-1160-6e65-9672-d63beeb4fa60
KXNCAAMBSPREAD-25NOV08ARKMSU-MSU4,2025-11-08T21:27:57.224373Z,0.44,109,yes,62f99944-32da-6715-37ab-62f7fcd1cec1
KXNCAAMBSPREAD-25NOV08ARKMSU-MSU4,2025-11-08T21:20:20.462946Z,0.44,499,yes,0168b993-1c2e-4535-8861-722ca43c4181
KXNCAAMBSPREAD-25NOV08ARKMSU-MSU4,2025-11-08T21:19:52.506325Z,0.43,17,no,e5b1a472-e1d7-6534-f4e4-7bbd14785aa1
KXNCAAMBSPREAD-25NOV08ARKMSU-MSU4,2025-11-08T21:06:12.447551Z,0.44,42,yes,b3cee2ad-c7ce-7295-3e21-142ff012d475
KXNCAAMBSPREAD-25NOV08ARKMSU-MSU4,2025-11-08T20:43:05.254794Z,0.44,18,yes,a1ba8ef3-705a-4cfd-3faf-f1e03e1922a1
KXNCAAMBSPREAD-25NOV08ARKMSU-MSU4,2025-11-08T20:42:04.665156Z,0.44,18,yes,8125b4db-d552-4d99-4433-9a8c8df8a72d
KXNCAAMBSPREAD-25NOV08ARKMSU-MSU4,2025-11-08T20:41:31.611422Z,0.44,16,yes,b9867b9a-8c76-57bd-a486-1dc6a9239d89
KXNCAAMBSPREAD-25NOV08ARKMSU-MSU4,2025-11-08T20:26:46.119631Z,0.44,54,yes,a2d45257-7a06-7f61-164e-e607325e51f9
KXNCAAMBSPREAD-25NOV08ARKMSU-MSU4,2025-11-08T20:00:54.381725Z,0.44,18,yes,6ea7aa86-682a-62dd-f246-9237cbf96409
KXNCAAMBSPREAD-25NOV08ARKMSU-MSU4,2025-11-08T20:00:00.306565Z,0.39,1027,no,8880213a-a764-729e-6260-3b7ef0618076
KXNCAAMBSPREAD-25NOV08ARKMSU-MSU4,2025-11-08T20:00:00.306565Z,0.41,2423,no,82e650b6-ec9e-7ac9-7c7e-086f03d2b558
KXNCAAMBSPREAD-25NOV08ARKMSU-MSU4,2025-11-08T20:00:00.306565Z,0.4,111,no,73b741c9-2044-7279-70db-a948f1b30095
KXNCAAMBSPREAD-25NOV08ARKMSU-MSU4,2025-11-08T20:00:00.306565Z,0.44,159,no,67130848-9929-71f2-75f0-ee7b4938fbd9
KXNCAAMBSPREAD-25NOV08ARKMSU-MSU4,2025-11-08T20:00:00.306565Z,0.38,90,no,4b6e9a52-e9dc-7929-5749-132acf8d4ab4
KXNCAAMBSPREAD-25NOV08ARKMSU-MSU4,2025-11-08T20:00:00.306565Z,0.4,50,no,054caf24-cc17-70b3-7978-e54aea51ce2f
KXNCAAMBSPREAD-25NOV08ARKMSU-MSU4,2025-11-08T19:48:15.127124Z,0.45,72,yes,c553df36-c7f1-70a4-597f-1ef41840b293
KXNCAAMBSPREAD-25NOV08ARKMSU-MSU4,2025-11-08T19:48:02.556257Z,0.45,318,yes,f66e1c57-2065-6cad-804a-ecd37d9b9f23
KXNCAAMBSPREAD-25NOV08ARKMSU-MSU4,2025-11-08T19:40:33.42714Z,0.45,21,yes,9847eff4-9ddd-7235-c346-f668eb9ec94f
KXNCAAMBSPREAD-25NOV08ARKMSU-MSU4,2025-11-08T19:39:26.099609Z,0.45,85,yes,042578ee-6211-4cdd-5416-b330a9a05c3b
KXNCAAMBSPREAD-25NOV08ARKMSU-MSU4,2025-11-08T19:37:46.96074Z,0.45,42,yes,4867ba91-e4f5-5ac1-7eb1-6841486613d3
KXNCAAMBSPREAD-25NOV08ARKMSU-MSU4,2025-11-08T19:36:46.003239Z,0.45,42,yes,ed32e675-940d-7091-f585-e0f0a1d9b283
KXNCAAMBSPREAD-25NOV08ARKMSU-MSU4,2025-11-08T19:28:17.698516Z,0.45,21,yes,8b776866-7345-7a11-7214-72a57828e617
KXNCAAMBSPREAD-25NOV08ARKMSU-MSU4,2025-11-08T19:04:36.217289Z,0.45,27,yes,892952ab-0925-57dd-be36-75b9440c5fb3
KXNCAAMBSPREAD-25NOV08ARKMSU-MSU4,2025-11-08T18:51:32.324536Z,0.43,17,no,813ff880-8338-6458-c82a-a644b90ab2a8
KXNCAAMBSPREAD-25NOV08ARKMSU-MSU4,2025-11-08T18:44:32.483908Z,0.45,42,yes,e11f72c8-cfbd-5505-ccc1-d4fb9e5aa913
KXNCAAMBSPREAD-25NOV08ARKMSU-MSU4,2025-11-08T18:33:27.864348Z,0.45,405,yes,ae91d1f4-07a5-5da5-5315-b0d29407d1d7
KXNCAAMBSPREAD-25NOV08ARKMSU-MSU4,2025-11-08T17:47:52.416172Z,0.42,41,no,ed1872d6-085b-5357-7f35-c2d20f479e1e
KXNCAAMBSPREAD-25NOV08ARKMSU-MSU4,2025-11-08T16:16:04.202894Z,0.44,65,yes,7fe8c630-1d63-43b4-7e89-5c73af2915c2
KXNCAAMBSPREAD-25NOV08ARKMSU-MSU4,2025-11-08T16:04:30.890485Z,0.43,14,yes,e5ba7f49-3112-5019-801e-d5122ae4da27
KXNCAAMBSPREAD-25NOV08ARKMSU-MSU4,2025-11-08T14:28:18.584951Z,0.4,427,no,bf087dc5-6494-4095-7c30-bc79e9a1a935
KXNCAAMBSPREAD-25NOV08ARKMSU-MSU4,2025-11-08T14:15:15.639132Z,0.4,407,no,3994209d-0868-4109-e1cd-7e2d57bb4335
