ticker,created_time,price,count,taker_side,trade_id
KXNCAAFTOTAL-25NOV08LSUALA-37,2025-11-09T04:04:34.11064Z,0.01,25,yes,3ac4ef7f-de8f-56f6-77b8-b087a19339b5
KXNCAAFTOTAL-25NOV08LSUALA-37,2025-11-09T04:04:11.835524Z,0.01,91,yes,81887db1-d87b-40ce-3bd7-6bdb367a93cd
KXNCAAFTOTAL-25NOV08LSUALA-37,2025-11-09T04:02:42.229383Z,0.01,300,yes,5c15c074-fb93-4232-ba0b-12e4eca646a9
KXNCAAFTOTAL-25NOV08LSUALA-37,2025-11-09T04:02:38.136483Z,0.01,149,yes,2106c4cd-8d8f-75b6-5729-117b31501aa5
KXNCAAFTOTAL-25NOV08LSUALA-37,2025-11-09T04:02:28.669736Z,0.01,115,yes,22569a35-afcb-4ee2-5f0b-0cd2514b0b01
KXNCAAFTOTAL-25NOV08LSUALA-37,2025-11-09T04:01:59.206623Z,0.01,16,yes,4808ff0a-cc8b-7882-2789-1c9cdcdd6861
KXNCAAFTOTAL-25NOV08LSUALA-37,2025-11-09T04:01:58.483164Z,0.01,440,yes,c7533a08-9af3-507a-f8b5-15ac41295dad
KXNCAAFTOTAL-25NOV08LSUALA-37,2025-11-09T04:01:43.488225Z,0.01,257,yes,e5311d60-c277-62aa-390e-b0c79c418689
KXNCAAFTOTAL-25NOV08LSUALA-37,2025-11-09T04:01:15.76494Z,0.01,287,yes,516dab01-1e6b-6d02-472e-b74f0a84d6ad
KXNCAAFTOTAL-25NOV08LSUALA-37,2025-11-09T04:01:05.289033Z,0.01,1,no,e03450df-35d8-454c-d11e-095b43479798
KXNCAAFTOTAL-25NOV08LSUALA-37,2025-11-09T04:01:05.289033Z,0.01,277,no,bf1a5374-fe6f-442f-c591-24de97c60cfe
KXNCAAFTOTAL-25NOV08LSUALA-37,2025-11-09T04:01:05.289033Z,0.01,1,no,0d245c86-0fd7-49b4-dcad-902c896a01af
KXNCAAFTOTAL-25NOV08LSUALA-37,2025-11-09T03:58:01.170389Z,0.01,23,no,a3cba019-5467-57a7-63e4-f70bebb8c4da
KXNCAAFTOTAL-25NOV08LSUALA-37,2025-11-09T03:56:59.375598Z,0.02,20,no,60dd183c-a92c-519b-14ec-5977600fd123
KXNCAAFTOTAL-25NOV08LSUALA-37,2025-11-09T03:55:26.364146Z,0.02,4,no,d7a6b707-5fe1-4644-79aa-a70280f44ebb
KXNCAAFTOTAL-25NOV08LSUALA-37,2025-11-09T03:55:26.364146Z,0.02,28,no,5c0ea52f-8928-425f-6989-f784bd85a72b
KXNCAAFTOTAL-25NOV08LSUALA-37,2025-11-09T03:54:58.970706Z,0.02,196,no,3ae747c3-27cd-7f80-fcd1-5bee9ff10f73
KXNCAAFTOTAL-25NOV08LSUALA-37,2025-11-09T03:54:37.067995Z,0.4,7,yes,fbdfbaa1-4a8e-4e4b-3fe1-704dba114ab7
KXNCAAFTOTAL-25NOV08LSUALA-37,2025-11-09T03:54:37.067995Z,0.53,1,yes,6410d3ed-4a4c-41d7-1d49-54dc1a366ef0
KXNCAAFTOTAL-25NOV08LSUALA-37,2025-11-09T03:54:26.081227Z,0.19,13,yes,af854df5-e3a5-7e31-efee-e911abbb55da
KXNCAAFTOTAL-25NOV08LSUALA-37,2025-11-09T03:54:26.081227Z,0.4,35,yes,9f9fa2e4-b57a-7bfb-f583-e574f5c52ccb
KXNCAAFTOTAL-25NOV08LSUALA-37,2025-11-09T03:54:26.081227Z,0.2,88,yes,597da0f1-1c3a-77e7-f366-42b252a073ec
KXNCAAFTOTAL-25NOV08LSUALA-37,2025-11-09T03:51:48.728587Z,0.03,132,no,e287bb8a-50b8-62b2-1187-10a15e9f55ab
KXNCAAFTOTAL-25NOV08LSUALA-37,2025-11-09T03:49:34.80769Z,0.19,117,yes,6cceff01-92bc-603e-74d9-eccd374026ca
KXNCAAFTOTAL-25NOV08LSUALA-37,2025-11-09T03:48:24.603634Z,0.19,14,yes,d8f33f9d-2360-4cf2-e483-fc3dc2c16c06
KXNCAAFTOTAL-25NOV08LSUALA-37,2025-11-09T03:46:48.26733Z,0.05,100,no,6c8eed71-a29a-5389-68fc-4baff1e96c74
KXNCAAFTOTAL-25NOV08LSUALA-37,2025-11-09T03:46:10.19109Z,0.06,69,no,9761ee15-0376-532a-45de-a4567614e5e7
KXNCAAFTOTAL-25NOV08LSUALA-37,2025-11-09T03:45:41.677645Z,0.06,19,no,fe1217c6-06a6-7efa-81e7-edba41134e2b
KXNCAAFTOTAL-25NOV08LSUALA-37,2025-11-09T03:42:23.956303Z,0.23,103,yes,43b89112-482e-616f-8b61-69d7a586d583
KXNCAAFTOTAL-25NOV08LSUALA-37,2025-11-09T03:41:57.470365Z,0.08,36,no,c5c5c2cd-4c27-46ee-085a-b4e90164dd1c
KXNCAAFTOTAL-25NOV08LSUALA-37,2025-11-09T03:41:57.470365Z,0.06,12,no,bbe8d96e-0b32-492e-177e-bc40ba6b842b
KXNCAAFTOTAL-25NOV08LSUALA-37,2025-11-09T03:40:13.311848Z,0.08,64,no,47f79e8b-df77-6bea-99b0-afbc5a40da38
KXNCAAFTOTAL-25NOV08LSUALA-37,2025-11-09T03:40:13.311848Z,0.16,53,no,3f2b6e0a-70f2-61fe-94a6-68c2db7afd04
KXNCAAFTOTAL-25NOV08LSUALA-37,2025-11-09T03:37:22.648906Z,0.16,11,no,13f0c0bc-7496-60be-c04b-b5c328dc46a8
KXNCAAFTOTAL-25NOV08LSUALA-37,2025-11-09T03:36:11.624613Z,0.18,143,no,ab9fd85d-7213-47f2-7639-98b757b9cb30
KXNCAAFTOTAL-25NOV08LSUALA-37,2025-11-09T03:33:43.092927Z,0.4,20,yes,c6bcadc0-4c22-4a56-9169-65284e4d9615
KXNCAAFTOTAL-25NOV08LSUALA-37,2025-11-09T03:33:43.092927Z,0.48,12,yes,9ef82ef0-c53e-4af2-97c8-0b5d9a729bd9
KXNCAAFTOTAL-25NOV08LSUALA-37,2025-11-09T03:32:19.538602Z,0.18,182,no,0d4487b6-708a-70c1-d4ec-e6b789c9c1c5
KXNCAAFTOTAL-25NOV08LSUALA-37,2025-11-09T03:32:19.538602Z,0.18,318,no,07e935b8-e80c-7d4c-ff55-7af8496240bc
KXNCAAFTOTAL-25NOV08LSUALA-37,2025-11-09T03:31:46.536454Z,0.45,14,yes,7b2aae94-6348-74b4-452a-51b8c93181e2
KXNCAAFTOTAL-25NOV08LSUALA-37,2025-11-09T03:31:42.575483Z,0.45,5,yes,af7064fb-5c24-6af8-74ac-ee887a1bb492
KXNCAAFTOTAL-25NOV08LSUALA-37,2025-11-09T03:31:18.247779Z,0.48,32,yes,bb483334-267c-4147-f9aa-060806fabcfd
KXNCAAFTOTAL-25NOV08LSUALA-37,2025-11-09T03:31:18.247779Z,0.4,28,yes,9429d916-f721-42ff-c783-6b957b8f0f76
KXNCAAFTOTAL-25NOV08LSUALA-37,2025-11-09T03:31:18.247779Z,0.49,42,yes,64140ea5-7196-4006-ec59-488a3a9dfd51
KXNCAAFTOTAL-25NOV08LSUALA-37,2025-11-09T03:31:18.247779Z,0.38,506,yes,4d0d7b03-d18f-4bf9-c409-99dccec3c789
KXNCAAFTOTAL-25NOV08LSUALA-37,2025-11-09T03:31:12.079258Z,0.18,1,no,75c78d36-626a-4a91-f173-49cf18cf8cd1
KXNCAAFTOTAL-25NOV08LSUALA-37,2025-11-09T03:30:11.346396Z,0.18,24,no,e96d2951-eb7a-73b9-d78c-a35924ea2551
KXNCAAFTOTAL-25NOV08LSUALA-37,2025-11-09T03:28:36.239658Z,0.18,60,no,be2e5388-a0aa-7099-0f29-5360cab29a0d
KXNCAAFTOTAL-25NOV08LSUALA-37,2025-11-09T03:28:17.280552Z,0.35,150,yes,f290a94d-803f-52d7-8cee-1aadc0c58283
KXNCAAFTOTAL-25NOV08LSUALA-37,2025-11-09T03:28:17.280552Z,0.39,110,yes,da30da44-b87b-5b71-85e8-a6528d23eabd
KXNCAAFTOTAL-25NOV08LSUALA-37,2025-11-09T03:28:07.598162Z,0.18,13,no,ec552645-639e-6ea1-ccbc-d7bb8bb6ea09
KXNCAAFTOTAL-25NOV08LSUALA-37,2025-11-09T03:27:30.501759Z,0.4,4,yes,06fbf646-4b01-43cf-b02f-05ec51a1603a
KXNCAAFTOTAL-25NOV08LSUALA-37,2025-11-09T03:27:24.739242Z,0.19,30,no,bc9be2ee-e960-6268-e7ed-a121d052b128
KXNCAAFTOTAL-25NOV08LSUALA-37,2025-11-09T03:27:21.032041Z,0.19,150,no,f81f4d7c-23d4-6b04-4c34-3ff89bffa67c
KXNCAAFTOTAL-25NOV08LSUALA-37,2025-11-09T03:27:21.032041Z,0.2,150,no,78aebccb-8ca5-66e6-542d-dbd454acd899
KXNCAAFTOTAL-25NOV08LSUALA-37,2025-11-09T03:26:35.586249Z,0.19,121,no,63604305-1eb0-4f48-4bb4-fa59ed6ad844
KXNCAAFTOTAL-25NOV08LSUALA-37,2025-11-09T03:26:26.03093Z,0.5,24,yes,f6938a83-4a3f-6e20-c9d6-fa80449d47cc
KXNCAAFTOTAL-25NOV08LSUALA-37,2025-11-09T03:26:26.03093Z,0.55,13,yes,9c75f4fc-25b1-61c0-e27d-4c5ef776ff10
KXNCAAFTOTAL-25NOV08LSUALA-37,2025-11-09T03:26:15.410023Z,0.19,60,no,0fd35c6c-8dd8-7db4-a6de-2ebec1282c30
KXNCAAFTOTAL-25NOV08LSUALA-37,2025-11-09T03:26:14.125094Z,0.2,17,no,b12bd4af-28de-63aa-1648-5bd82d2f936a
KXNCAAFTOTAL-25NOV08LSUALA-37,2025-11-09T03:26:14.125094Z,0.19,43,no,249f1cb3-f37c-68ac-182d-cb41d17491c8
KXNCAAFTOTAL-25NOV08LSUALA-37,2025-11-09T03:26:07.879325Z,0.2,24,no,32319d08-9fd6-5a62-74b8-bcbfcc2942c2
KXNCAAFTOTAL-25NOV08LSUALA-37,2025-11-09T03:25:53.831305Z,0.2,5,no,5f317535-cb92-5a96-2bb3-23c947fabfea
KXNCAAFTOTAL-25NOV08LSUALA-37,2025-11-09T03:25:20.69567Z,0.75,32,yes,a51fa716-4c49-7e3b-c50b-ede3069b63f2
KXNCAAFTOTAL-25NOV08LSUALA-37,2025-11-09T03:23:55.123649Z,0.53,40,yes,3598ac1b-ebc4-5900-8e42-18ba3415ff5d
KXNCAAFTOTAL-25NOV08LSUALA-37,2025-11-09T03:23:55.123649Z,0.58,3,yes,327bd2d6-0cee-51ea-b1ac-5da46def700d
KXNCAAFTOTAL-25NOV08LSUALA-37,2025-11-09T03:23:39.81813Z,0.22,64,no,565cecca-ba16-7062-3ac7-2f1fcd37a60e
KXNCAAFTOTAL-25NOV08LSUALA-37,2025-11-09T03:23:27.267529Z,0.22,5,no,3ad7e2e1-c148-5d18-b0ca-7930e7424848
KXNCAAFTOTAL-25NOV08LSUALA-37,2025-11-09T03:23:08.356301Z,0.25,13,no,f690b433-40a2-4b6a-8b2d-5abbb47f8cce
KXNCAAFTOTAL-25NOV08LSUALA-37,2025-11-09T03:22:56.96862Z,0.25,5,no,fd1de823-10d6-6e32-3197-4389bb73eee6
KXNCAAFTOTAL-25NOV08LSUALA-37,2025-11-09T03:22:15.526236Z,0.25,22,no,1f01f6e5-a702-4652-2d80-2c38a975168e
KXNCAAFTOTAL-25NOV08LSUALA-37,2025-11-09T03:21:24.050095Z,0.6,151,yes,eb49201e-dab8-7807-ef3c-f44d8e0369a4
KXNCAAFTOTAL-25NOV08LSUALA-37,2025-11-09T03:21:24.050095Z,0.59,12,yes,81e8fbcb-31e0-76eb-d4c8-1c5bc4945205
KXNCAAFTOTAL-25NOV08LSUALA-37,2025-11-09T03:21:24.050095Z,0.74,29,yes,4bc03044-0936-78c6-f09f-a4755016c511
KXNCAAFTOTAL-25NOV08LSUALA-37,2025-11-09T03:21:02.633553Z,0.45,37,yes,fe00416a-3d90-6c13-7fe9-e6c7893669b8
KXNCAAFTOTAL-25NOV08LSUALA-37,2025-11-09T03:21:02.633553Z,0.44,10,yes,2d36870d-74f7-63cf-55bf-f2f9b05f40bf
KXNCAAFTOTAL-25NOV08LSUALA-37,2025-11-09T03:19:33.585863Z,0.32,74,yes,f3da0f35-491c-606b-37f6-757290652a60
KXNCAAFTOTAL-25NOV08LSUALA-37,2025-11-09T03:18:59.977352Z,0.25,131,no,8195554b-0344-6688-b999-6f07e97ec692
KXNCAAFTOTAL-25NOV08LSUALA-37,2025-11-09T03:18:43.48569Z,0.32,3,yes,6edef7c1-b6ec-77a3-ba10-22273d339bcc
KXNCAAFTOTAL-25NOV08LSUALA-37,2025-11-09T03:17:45.437766Z,0.25,65,no,e752ce14-a510-4070-1bd5-457c44c0de66
KXNCAAFTOTAL-25NOV08LSUALA-37,2025-11-09T03:16:51.801651Z,0.21,100,no,f57fef17-b64e-7a65-da1a-bc45dc7fdf8a
KXNCAAFTOTAL-25NOV08LSUALA-37,2025-11-09T03:16:51.801651Z,0.16,36,no,68937756-1686-789e-f0f5-0d3efb484194
KXNCAAFTOTAL-25NOV08LSUALA-37,2025-11-09T03:16:51.801651Z,0.22,368,no,2f7eb11d-a568-767f-da8c-8d2545b27f09
KXNCAAFTOTAL-25NOV08LSUALA-37,2025-11-09T03:16:26.905112Z,0.25,32,no,b94fa965-5c16-7163-cc74-8d13d34aaabd
KXNCAAFTOTAL-25NOV08LSUALA-37,2025-11-09T03:16:23.011108Z,0.25,65,no,327f395b-54a5-576f-5103-3601d63a0056
KXNCAAFTOTAL-25NOV08LSUALA-37,2025-11-09T03:15:53.098008Z,0.32,200,yes,f7bb6d17-659e-7ae5-33b9-8ca7a4468f8d
KXNCAAFTOTAL-25NOV08LSUALA-37,2025-11-09T03:15:53.098008Z,0.33,605,yes,d48f6bc4-e483-714b-1a2b-5177c756f575
KXNCAAFTOTAL-25NOV08LSUALA-37,2025-11-09T03:15:32.814205Z,0.24,162,no,a2b3b1b8-47bd-55fa-97af-2c6b84f7c350
KXNCAAFTOTAL-25NOV08LSUALA-37,2025-11-09T03:15:29.051458Z,0.24,1,no,7056b7e2-ade1-68fa-a480-d72421347c00
KXNCAAFTOTAL-25NOV08LSUALA-37,2025-11-09T03:15:18.400084Z,0.26,37,no,f8df5458-f180-5044-aa0d-5334ef9ed7d5
KXNCAAFTOTAL-25NOV08LSUALA-37,2025-11-09T03:15:01.417038Z,0.27,13,no,2536bc58-5b87-5cff-2586-4343a879054e
KXNCAAFTOTAL-25NOV08LSUALA-37,2025-11-09T03:14:54.235749Z,0.27,1,no,c2a7e9ff-9b23-55db-a6c8-3ed045f8d50e
KXNCAAFTOTAL-25NOV08LSUALA-37,2025-11-09T03:14:31.558161Z,0.39,623,yes,df114bfe-35a2-75f2-43d5-017bbcb29b9b
KXNCAAFTOTAL-25NOV08LSUALA-37,2025-11-09T03:14:31.558161Z,0.39,10,yes,62b9f664-514d-7532-797b-2622add6ab6b
KXNCAAFTOTAL-25NOV08LSUALA-37,2025-11-09T03:14:31.558161Z,0.36,100,yes,49f877d7-8230-78a1-52ff-48f896ee6ce7
KXNCAAFTOTAL-25NOV08LSUALA-37,2025-11-09T03:14:31.558161Z,0.39,17,yes,0febc940-81b1-7511-45a8-203d1c0c44f3
KXNCAAFTOTAL-25NOV08LSUALA-37,2025-11-09T03:14:22.931813Z,0.28,20,no,4b9d161b-9f23-4cc1-de82-79d0070d1f14
KXNCAAFTOTAL-25NOV08LSUALA-37,2025-11-09T03:14:22.931813Z,0.3,2,no,4445b9cf-6f29-4613-ecbb-9bc4c8dd854b
KXNCAAFTOTAL-25NOV08LSUALA-37,2025-11-09T03:14:22.931813Z,0.27,45,no,006baeb8-c4a2-45dc-e2ae-b1c9985b1bd0
KXNCAAFTOTAL-25NOV08LSUALA-37,2025-11-09T03:14:07.088034Z,0.37,10,yes,1e078054-c827-41da-af77-8324cf798624
KXNCAAFTOTAL-25NOV08LSUALA-37,2025-11-09T03:13:56.691288Z,0.32,15,no,78e7d596-36f5-5217-e005-bd3b83099fdb
KXNCAAFTOTAL-25NOV08LSUALA-37,2025-11-09T03:13:29.454963Z,0.32,7,no,7ec293c8-9da1-4bb7-be41-1d70dc6fefcf
KXNCAAFTOTAL-25NOV08LSUALA-37,2025-11-09T03:12:21.386532Z,0.39,28,yes,fdfc1a28-7f51-5960-5522-3735c1af90e7
KXNCAAFTOTAL-25NOV08LSUALA-37,2025-11-09T03:12:21.386532Z,0.38,11,yes,68f4506e-591c-51b9-4d07-a4480acc9dfc
KXNCAAFTOTAL-25NOV08LSUALA-37,2025-11-09T03:12:17.419722Z,0.39,12,yes,609dab53-3955-5830-1929-b4f95eb7a507
KXNCAAFTOTAL-25NOV08LSUALA-37,2025-11-09T03:12:11.747465Z,0.32,10,no,ee288c5c-e93d-4d8f-037e-238ecf42a02b
KXNCAAFTOTAL-25NOV08LSUALA-37,2025-11-09T03:12:08.87254Z,0.38,504,yes,05d1a48e-c290-766f-7acf-3c6480a8df2e
KXNCAAFTOTAL-25NOV08LSUALA-37,2025-11-09T03:12:02.637383Z,0.38,25,yes,3f3086e4-ca84-74af-d86c-0415f500e712
KXNCAAFTOTAL-25NOV08LSUALA-37,2025-11-09T03:11:31.239734Z,0.38,2,yes,3bc605e6-4101-6dd9-392d-0acd2bcb2a4b
KXNCAAFTOTAL-25NOV08LSUALA-37,2025-11-09T03:08:16.386214Z,0.46,18,yes,861509df-0006-47cd-2fcd-687b8de0a569
KXNCAAFTOTAL-25NOV08LSUALA-37,2025-11-09T03:07:45.429015Z,0.42,16,no,5272fa10-db51-5e97-5c74-5eaf7f4d1577
KXNCAAFTOTAL-25NOV08LSUALA-37,2025-11-09T03:07:03.78499Z,0.47,345,no,74694c91-624c-4436-bc11-dcb4b22ad199
KXNCAAFTOTAL-25NOV08LSUALA-37,2025-11-09T03:05:57.19868Z,0.49,502,yes,a798e5e4-156e-67a5-1ef1-1946f6d37014
KXNCAAFTOTAL-25NOV08LSUALA-37,2025-11-09T03:05:46.119822Z,0.49,199,yes,2dab1997-55b4-4dd2-637e-e2afd4f025c0
KXNCAAFTOTAL-25NOV08LSUALA-37,2025-11-09T03:03:33.525922Z,0.54,35,yes,2d75adde-48ec-40ab-5750-b372392e22bb
KXNCAAFTOTAL-25NOV08LSUALA-37,2025-11-09T03:02:59.61823Z,0.57,15,yes,a1f765a4-fb77-4e40-a782-eab19696f917
KXNCAAFTOTAL-25NOV08LSUALA-37,2025-11-09T03:02:59.61823Z,0.58,14,yes,8a500616-5c13-46b7-88f5-54ec77086cb3
KXNCAAFTOTAL-25NOV08LSUALA-37,2025-11-09T03:02:59.61823Z,0.55,28,yes,38335551-c7cc-47cd-97bc-c13586e52b27
KXNCAAFTOTAL-25NOV08LSUALA-37,2025-11-09T03:00:47.032241Z,0.48,9,no,1f574ee1-7d15-6ed7-282e-11bc94a8796a
KXNCAAFTOTAL-25NOV08LSUALA-37,2025-11-09T02:59:37.903834Z,0.45,8,no,43f1a94d-09e5-59e7-c6d7-373dd3530ee8
KXNCAAFTOTAL-25NOV08LSUALA-37,2025-11-09T02:59:24.838983Z,0.45,8,no,a7aa0267-f311-5fdf-d26e-9760001ee428
KXNCAAFTOTAL-25NOV08LSUALA-37,2025-11-09T02:57:53.329477Z,0.49,28,no,13090339-bcf8-5056-6ade-fc10755f31e5
KXNCAAFTOTAL-25NOV08LSUALA-37,2025-11-09T02:57:53.329477Z,0.5,8,no,06dc64d0-e9a6-5b94-4869-45a3827a66aa
KXNCAAFTOTAL-25NOV08LSUALA-37,2025-11-09T02:57:31.915506Z,0.57,170,yes,667960c9-efa5-63fa-1c9d-c1569e1435bb
KXNCAAFTOTAL-25NOV08LSUALA-37,2025-11-09T02:57:00.8849Z,0.57,17,yes,82089240-9f4d-62e6-3d68-6ab76ab9dea7
KXNCAAFTOTAL-25NOV08LSUALA-37,2025-11-09T02:56:09.319029Z,0.5,84,no,f4935dde-b640-4e28-b2d7-bb859e4565f1
KXNCAAFTOTAL-25NOV08LSUALA-37,2025-11-09T02:56:09.319029Z,0.51,111,no,a7cab2ff-472c-4f48-94b0-a43efb0df62a
KXNCAAFTOTAL-25NOV08LSUALA-37,2025-11-09T02:55:29.580338Z,0.51,90,no,46ed211a-7235-57a6-d9a5-51190474a793
KXNCAAFTOTAL-25NOV08LSUALA-37,2025-11-09T02:55:16.605119Z,0.6,28,yes,6d8fb616-d8e4-4274-5c7c-0c921abae0a4
KXNCAAFTOTAL-25NOV08LSUALA-37,2025-11-09T02:54:47.853432Z,0.63,77,yes,15301e49-83ed-78c5-99eb-06962458a5a6
KXNCAAFTOTAL-25NOV08LSUALA-37,2025-11-09T02:54:39.837128Z,0.55,42,no,3cf13dca-7d94-50e7-1b52-3f04219893cc
KXNCAAFTOTAL-25NOV08LSUALA-37,2025-11-09T02:54:03.900076Z,0.57,2,no,184f3179-1486-74bd-84b3-3a38a4af68cc
KXNCAAFTOTAL-25NOV08LSUALA-37,2025-11-09T02:53:38.076196Z,0.58,11,no,43ddd991-c41b-7214-9ce7-c36ea0602a5a
KXNCAAFTOTAL-25NOV08LSUALA-37,2025-11-09T02:51:58.278586Z,0.53,16,no,5c1181e2-2c88-558c-e3d7-b366fa96e149
KXNCAAFTOTAL-25NOV08LSUALA-37,2025-11-09T02:50:36.190417Z,0.59,7,no,82a52005-606b-4842-383b-b7c155a52eb2
KXNCAAFTOTAL-25NOV08LSUALA-37,2025-11-09T02:48:44.84342Z,0.67,97,yes,5d7cbceb-574a-72b2-3154-696c54f448ff
KXNCAAFTOTAL-25NOV08LSUALA-37,2025-11-09T02:48:04.598029Z,0.67,14,yes,7ada09f3-c593-79bd-ac26-e4ffcafa00aa
KXNCAAFTOTAL-25NOV08LSUALA-37,2025-11-09T02:47:55.655481Z,0.58,2,no,30fbb6c1-43dc-5b59-8028-0893f7eb3c8e
KXNCAAFTOTAL-25NOV08LSUALA-37,2025-11-09T02:47:40.372042Z,0.58,629,no,2b8f7877-732c-61b5-88f3-0b4d926339d2
KXNCAAFTOTAL-25NOV08LSUALA-37,2025-11-09T02:47:23.27186Z,0.67,14,yes,4b60400d-4b7b-450d-d316-e857e4b816a6
KXNCAAFTOTAL-25NOV08LSUALA-37,2025-11-09T02:46:34.544987Z,0.64,3,yes,0c84d039-7cb4-55e6-4382-e0c6ba7b2b8b
KXNCAAFTOTAL-25NOV08LSUALA-37,2025-11-09T02:44:37.418265Z,0.64,5,no,61cb7f5e-1b12-63c4-324a-8af865e5edf9
KXNCAAFTOTAL-25NOV08LSUALA-37,2025-11-09T02:44:26.332014Z,0.8,61,yes,c591301b-6793-5573-406f-62c3397cb943
KXNCAAFTOTAL-25NOV08LSUALA-37,2025-11-09T02:43:50.210493Z,0.65,27,no,ae3f17fc-097d-5778-17e5-68eea68f886e
KXNCAAFTOTAL-25NOV08LSUALA-37,2025-11-09T02:43:24.388326Z,0.79,43,yes,872b99e9-67bb-5ced-6656-1f3773ac0533
KXNCAAFTOTAL-25NOV08LSUALA-37,2025-11-09T02:43:05.644354Z,0.71,5,yes,dada5e80-063f-632d-cccb-52dfb4f74600
KXNCAAFTOTAL-25NOV08LSUALA-37,2025-11-09T02:42:52.175263Z,0.72,13,yes,92287010-c8a4-529f-b30d-83a90c4c38a5
KXNCAAFTOTAL-25NOV08LSUALA-37,2025-11-09T02:42:08.565547Z,0.68,11,yes,dd28614f-731d-66a9-efa9-1ead6e7c0594
KXNCAAFTOTAL-25NOV08LSUALA-37,2025-11-09T02:42:08.565547Z,0.7,75,yes,cedb8fd9-f828-6e32-cb6d-91f42145b220
KXNCAAFTOTAL-25NOV08LSUALA-37,2025-11-09T02:42:08.565547Z,0.69,100,yes,43a86053-ebb8-644e-e4d9-bac064eaabb6
KXNCAAFTOTAL-25NOV08LSUALA-37,2025-11-09T02:41:34.407941Z,0.67,15,yes,6089c5f5-12ba-5e19-d66c-7e3674b32751
KXNCAAFTOTAL-25NOV08LSUALA-37,2025-11-09T02:40:18.89673Z,0.61,12,no,2c622246-9f58-5f54-7b47-41d9f51b4429
KXNCAAFTOTAL-25NOV08LSUALA-37,2025-11-09T02:38:22.140053Z,0.67,25,yes,4a12afdd-938c-65e6-d13f-1276304f7b0c
KXNCAAFTOTAL-25NOV08LSUALA-37,2025-11-09T02:37:48.111461Z,0.62,100,no,58279def-35c8-4df0-dbc8-d2b9ab363939
KXNCAAFTOTAL-25NOV08LSUALA-37,2025-11-09T02:37:28.643347Z,0.68,2,yes,594b3ad8-d505-66d5-cbe5-4a0d24aa3184
KXNCAAFTOTAL-25NOV08LSUALA-37,2025-11-09T02:34:59.76643Z,0.64,13,no,4d289490-1934-5d60-78e9-25eed8503cc1
KXNCAAFTOTAL-25NOV08LSUALA-37,2025-11-09T02:33:45.155121Z,0.71,26,yes,cf52f98d-c638-541b-b983-0740855ec8a1
KXNCAAFTOTAL-25NOV08LSUALA-37,2025-11-09T02:33:45.155121Z,0.71,1,yes,7e1d4c67-18d6-54a4-b431-56ad4284c123
KXNCAAFTOTAL-25NOV08LSUALA-37,2025-11-09T02:32:00.252927Z,0.65,20,no,5775641f-eaab-71ee-ea81-ee0b84e4ea5a
KXNCAAFTOTAL-25NOV08LSUALA-37,2025-11-09T02:32:00.252927Z,0.66,100,no,136f93be-bd89-78a0-e445-0ea0a17eb137
KXNCAAFTOTAL-25NOV08LSUALA-37,2025-11-09T02:31:42.237508Z,0.67,42,no,c4bc45d6-5390-522d-d90a-191776afc760
KXNCAAFTOTAL-25NOV08LSUALA-37,2025-11-09T02:31:42.237508Z,0.67,23,no,00c208f6-706a-5b29-d482-2f0150de4b3f
KXNCAAFTOTAL-25NOV08LSUALA-37,2025-11-09T02:30:06.726434Z,0.72,2,yes,b5ba772d-7e5f-5a06-6d6a-f63344bd7370
KXNCAAFTOTAL-25NOV08LSUALA-37,2025-11-09T02:27:43.037165Z,0.74,217,yes,25403cf7-d756-7330-40b3-1950801c8f5b
KXNCAAFTOTAL-25NOV08LSUALA-37,2025-11-09T02:27:24.370381Z,0.67,200,no,3c94926f-d0a6-606f-04a4-ae5d950b6866
KXNCAAFTOTAL-25NOV08LSUALA-37,2025-11-09T02:25:51.496806Z,0.72,136,yes,58f838cd-cc18-49a9-b3eb-1c981d0dbf0b
KXNCAAFTOTAL-25NOV08LSUALA-37,2025-11-09T02:25:39.928295Z,0.67,43,no,e0fae472-d3f4-4e36-5092-ce491fe2111a
KXNCAAFTOTAL-25NOV08LSUALA-37,2025-11-09T02:24:51.783875Z,0.72,10,yes,3de9c40d-bf30-785d-bb8a-d2c8ddbebd27
KXNCAAFTOTAL-25NOV08LSUALA-37,2025-11-09T02:22:23.301825Z,0.7,34,yes,65ad591d-2133-6158-4b0c-2cdc6bd43076
KXNCAAFTOTAL-25NOV08LSUALA-37,2025-11-09T02:21:33.347792Z,0.7,5,yes,2f7c7b25-a96f-4be8-15eb-74ce4222b8a2
KXNCAAFTOTAL-25NOV08LSUALA-37,2025-11-09T02:20:14.510629Z,0.7,20,yes,c6484d20-249a-4a4e-31bc-57cf91648c6b
KXNCAAFTOTAL-25NOV08LSUALA-37,2025-11-09T02:18:43.926779Z,0.7,5,yes,60ba7def-f64e-5162-9a71-b8b559cea7ab
KXNCAAFTOTAL-25NOV08LSUALA-37,2025-11-09T02:17:58.736619Z,0.7,19,yes,d4d75189-eb66-5836-b910-667a0abd4147
KXNCAAFTOTAL-25NOV08LSUALA-37,2025-11-09T02:14:59.20076Z,0.73,8,yes,66205c7e-c05b-7c0b-4dad-f08b7f44273f
KXNCAAFTOTAL-25NOV08LSUALA-37,2025-11-09T02:14:39.159991Z,0.73,2,yes,b674ddbd-0a5b-4acb-19ad-0c18a02ed033
KXNCAAFTOTAL-25NOV08LSUALA-37,2025-11-09T02:13:17.290697Z,0.73,40,yes,9350bbad-70af-49db-fbd6-1848263d0857
KXNCAAFTOTAL-25NOV08LSUALA-37,2025-11-09T02:12:42.220208Z,0.67,40,no,6a91b9d3-9c4c-6388-933c-4121089cfe09
KXNCAAFTOTAL-25NOV08LSUALA-37,2025-11-09T02:11:56.892175Z,0.67,11,no,00f43448-c3c0-4130-bffe-07562a55ede5
KXNCAAFTOTAL-25NOV08LSUALA-37,2025-11-09T02:11:56.428029Z,0.73,40,yes,67dcf489-311f-571b-1cbb-ed27fb1e0713
KXNCAAFTOTAL-25NOV08LSUALA-37,2025-11-09T02:11:41.487832Z,0.66,14,no,3334e2e6-d72d-403b-86c0-be807d168879
KXNCAAFTOTAL-25NOV08LSUALA-37,2025-11-09T02:11:16.899027Z,0.7,9,yes,b87797a6-6927-72ca-782a-235859a88189
KXNCAAFTOTAL-25NOV08LSUALA-37,2025-11-09T02:11:16.899027Z,0.75,36,yes,ae8a50f5-4bd5-7f4b-7809-c182aed167ff
KXNCAAFTOTAL-25NOV08LSUALA-37,2025-11-09T02:10:12.143191Z,0.67,4,no,666dab36-938c-7844-1dc8-a1eac023a2c1
KXNCAAFTOTAL-25NOV08LSUALA-37,2025-11-09T02:09:47.284035Z,0.67,14,no,7758ea96-bfdb-454d-89d4-7d5848600499
KXNCAAFTOTAL-25NOV08LSUALA-37,2025-11-09T02:09:43.58961Z,0.67,72,no,035756e3-db1f-5f25-dd22-7b699f2ae051
KXNCAAFTOTAL-25NOV08LSUALA-37,2025-11-09T02:09:08.244702Z,0.66,28,no,a7cf0816-aad7-7b17-6cd6-d4860fa9e1a5
KXNCAAFTOTAL-25NOV08LSUALA-37,2025-11-09T02:08:51.700615Z,0.4,3,no,ba6211f6-8bd2-77ed-a8eb-9a6609da79b7
KXNCAAFTOTAL-25NOV08LSUALA-37,2025-11-09T02:08:05.13899Z,0.65,86,yes,6df26306-419f-4a48-5d93-fd4e3f7dda3f
KXNCAAFTOTAL-25NOV08LSUALA-37,2025-11-09T02:07:52.319138Z,0.65,5,yes,eb262745-5c37-7668-5bac-566e84aa7c5b
KXNCAAFTOTAL-25NOV08LSUALA-37,2025-11-09T02:07:41.731365Z,0.63,95,yes,b99fe70f-d03a-5428-b380-b4463558b73a
KXNCAAFTOTAL-25NOV08LSUALA-37,2025-11-09T02:07:27.144345Z,0.55,242,no,9e7e5fe4-be67-4f59-4c37-91cb3e4b891f
KXNCAAFTOTAL-25NOV08LSUALA-37,2025-11-09T02:07:20.627365Z,0.4,1,no,43f34768-c9aa-4251-ea06-a3c95ce6f42f
KXNCAAFTOTAL-25NOV08LSUALA-37,2025-11-09T02:06:31.8897Z,0.47,91,no,4bdabc58-4827-7d1d-a4ba-37842db955fb
KXNCAAFTOTAL-25NOV08LSUALA-37,2025-11-09T02:06:30.339701Z,0.47,714,no,9319fa39-aa5f-4dc5-c1aa-15314e3cf93f
KXNCAAFTOTAL-25NOV08LSUALA-37,2025-11-09T02:06:30.339701Z,0.48,91,no,036850dd-6392-48b8-fcf2-287dd132a531
KXNCAAFTOTAL-25NOV08LSUALA-37,2025-11-09T02:06:15.220013Z,0.52,46,yes,cce7bee1-09c8-6854-60d0-ff3dda0b0e53
KXNCAAFTOTAL-25NOV08LSUALA-37,2025-11-09T02:04:49.583581Z,0.48,9,no,b4eec224-56d6-4e4c-8f46-b2927018ccad
KXNCAAFTOTAL-25NOV08LSUALA-37,2025-11-09T02:04:27.441804Z,0.56,15,yes,5ab500e9-cb6a-4f4c-c5e1-d06030b58c1b
KXNCAAFTOTAL-25NOV08LSUALA-37,2025-11-09T02:04:24.765429Z,0.56,5,yes,1348aac7-ebc2-7e3c-c44a-4e381e513557
KXNCAAFTOTAL-25NOV08LSUALA-37,2025-11-09T02:03:57.804348Z,0.56,500,no,6321e983-11b4-7058-833a-774fcec51a11
KXNCAAFTOTAL-25NOV08LSUALA-37,2025-11-09T02:03:22.608391Z,0.47,182,no,d248fb73-3ba0-789a-08b8-d0f744bb0730
KXNCAAFTOTAL-25NOV08LSUALA-37,2025-11-09T02:02:20.45591Z,0.56,17,yes,09eaa3aa-43c9-4f71-0264-e3ae99f3a88a
KXNCAAFTOTAL-25NOV08LSUALA-37,2025-11-09T02:02:13.406629Z,0.56,50,yes,89476cb4-ac49-62d5-14e3-dc8d722e7416
KXNCAAFTOTAL-25NOV08LSUALA-37,2025-11-09T02:01:57.66026Z,0.56,173,yes,0716deef-e051-5411-d99a-fc269d3719ee
KXNCAAFTOTAL-25NOV08LSUALA-37,2025-11-09T02:00:55.896599Z,0.47,9,no,cb846b96-a5e7-6b8f-90e2-32ef24bf4522
KXNCAAFTOTAL-25NOV08LSUALA-37,2025-11-09T02:00:53.330463Z,0.47,45,no,be885d40-9be7-631f-d464-45508c793c0e
KXNCAAFTOTAL-25NOV08LSUALA-37,2025-11-09T02:00:50.248075Z,0.47,83,no,9683a68b-1dc7-5ceb-5700-5b1406227d2e
KXNCAAFTOTAL-25NOV08LSUALA-37,2025-11-09T02:00:48.557477Z,0.47,18,no,9589872d-b36f-7a47-7faf-12c7e687e632
KXNCAAFTOTAL-25NOV08LSUALA-37,2025-11-09T02:00:28.381445Z,0.47,91,no,60d6e45b-e0d3-7c93-85ef-cc6847ad16b6
KXNCAAFTOTAL-25NOV08LSUALA-37,2025-11-09T02:00:24.253604Z,0.56,3,yes,60fd3d05-3d0e-6b12-a2e2-b427c3af05d7
KXNCAAFTOTAL-25NOV08LSUALA-37,2025-11-09T01:59:55.052561Z,0.51,9,no,0814931f-e4d0-5468-bacc-bfbbdb568140
KXNCAAFTOTAL-25NOV08LSUALA-37,2025-11-09T01:59:08.807314Z,0.59,12,no,f6bc3c76-cc5c-57c3-9f67-a1c2bae13e85
KXNCAAFTOTAL-25NOV08LSUALA-37,2025-11-09T01:59:08.807314Z,0.59,150,no,ee3e171a-67c9-5a12-9857-f6094b8d4332
KXNCAAFTOTAL-25NOV08LSUALA-37,2025-11-09T01:59:08.807314Z,0.51,257,no,aaf555fc-5624-5318-a8ee-9a2e2e677c48
KXNCAAFTOTAL-25NOV08LSUALA-37,2025-11-09T01:58:39.967991Z,0.66,50,yes,84355f3a-f3ae-665e-aca0-34d7d80db12a
KXNCAAFTOTAL-25NOV08LSUALA-37,2025-11-09T01:57:29.033813Z,0.6,59,no,e59815ed-24bb-7469-2a9e-5cf49d1e11eb
KXNCAAFTOTAL-25NOV08LSUALA-37,2025-11-09T01:56:12.2786Z,0.6,52,no,c4947d56-d4e9-638d-ce82-4d1f24e7c5c8
KXNCAAFTOTAL-25NOV08LSUALA-37,2025-11-09T01:55:49.320123Z,0.7,6,no,1224921b-7828-4ec5-75f7-d3141ad8d42e
KXNCAAFTOTAL-25NOV08LSUALA-37,2025-11-09T01:55:45.082478Z,0.79,230,yes,be2cb3d2-1066-4999-f559-5b6f3ce676a7
KXNCAAFTOTAL-25NOV08LSUALA-37,2025-11-09T01:54:47.481564Z,0.76,6,yes,cf494a4b-9c40-5060-8915-d5f7be7d6406
KXNCAAFTOTAL-25NOV08LSUALA-37,2025-11-09T01:54:47.481564Z,0.75,46,yes,8880755b-45b4-570c-b5a0-32cebf78c29f
KXNCAAFTOTAL-25NOV08LSUALA-37,2025-11-09T01:54:36.355103Z,0.67,43,no,03c59083-4aa8-761f-d38c-4b6c5ac3b2a1
KXNCAAFTOTAL-25NOV08LSUALA-37,2025-11-09T01:54:25.034622Z,0.72,34,yes,b7330a6b-fe14-5dd8-7671-ab9454cb5ca7
KXNCAAFTOTAL-25NOV08LSUALA-37,2025-11-09T01:53:12.625119Z,0.68,722,yes,9b039ef3-5b37-6b7d-fa7e-3aed41beea60
KXNCAAFTOTAL-25NOV08LSUALA-37,2025-11-09T01:52:20.625927Z,0.68,28,yes,f8312103-a38f-4e09-9906-216d0711c8d4
KXNCAAFTOTAL-25NOV08LSUALA-37,2025-11-09T01:51:50.853294Z,0.64,13,no,38339ae0-73d1-757e-6584-a89a142918f3
KXNCAAFTOTAL-25NOV08LSUALA-37,2025-11-09T01:50:52.448287Z,0.68,7,yes,413f36e5-3fa7-4435-6d73-12c7914ef27c
KXNCAAFTOTAL-25NOV08LSUALA-37,2025-11-09T01:50:01.039233Z,0.64,18,no,d98fb72b-1f3f-6d5f-348c-6e9886916dcd
KXNCAAFTOTAL-25NOV08LSUALA-37,2025-11-09T01:49:29.259938Z,0.64,50,no,445df861-5770-5df0-5453-1b3413fa3814
KXNCAAFTOTAL-25NOV08LSUALA-37,2025-11-09T01:48:42.28344Z,0.65,136,no,48e9c8d9-cc1a-7654-a02d-356161077a14
KXNCAAFTOTAL-25NOV08LSUALA-37,2025-11-09T01:48:30.088984Z,0.67,14,no,250b398a-f722-6570-8f96-838f04c78390
KXNCAAFTOTAL-25NOV08LSUALA-37,2025-11-09T01:47:21.721039Z,0.67,43,no,74179c15-df2d-4164-855d-96f869c6b3a2
KXNCAAFTOTAL-25NOV08LSUALA-37,2025-11-09T01:46:59.968303Z,0.67,80,no,56bb759e-9583-630b-a2e1-f2e4b08456b5
KXNCAAFTOTAL-25NOV08LSUALA-37,2025-11-09T01:46:38.259363Z,0.68,143,yes,0df1602d-2b5f-55c5-4c2c-4ad09bf0f4d0
KXNCAAFTOTAL-25NOV08LSUALA-37,2025-11-09T01:45:33.044166Z,0.67,57,no,22d064d5-b688-58b2-d491-f9cb79bfd229
KXNCAAFTOTAL-25NOV08LSUALA-37,2025-11-09T01:45:29.025508Z,0.67,144,no,a6b5bd66-f1a0-5e5e-cc5f-50c6069ffe1d
KXNCAAFTOTAL-25NOV08LSUALA-37,2025-11-09T01:45:28.879647Z,0.72,68,yes,fd97d1c4-ebf4-48a8-c2aa-cfcf783bc50f
KXNCAAFTOTAL-25NOV08LSUALA-37,2025-11-09T01:44:38.542187Z,0.71,98,no,0b8c8bbf-93e3-6a51-caa6-09a987727cbc
KXNCAAFTOTAL-25NOV08LSUALA-37,2025-11-09T01:43:57.125954Z,0.66,220,no,074294d6-8f8e-5802-2f30-0266138b2870
KXNCAAFTOTAL-25NOV08LSUALA-37,2025-11-09T01:43:51.404407Z,0.63,40,yes,65bca309-a38c-598e-e839-cad9c7975691
KXNCAAFTOTAL-25NOV08LSUALA-37,2025-11-09T01:43:07.997633Z,0.62,25,no,05aaabf6-c760-5ab3-4be9-ee5db67f3220
KXNCAAFTOTAL-25NOV08LSUALA-37,2025-11-09T01:41:58.834898Z,0.59,46,no,b504754e-0ffc-4667-6ea3-1680602a3661
KXNCAAFTOTAL-25NOV08LSUALA-37,2025-11-09T01:41:31.388104Z,0.59,2,no,661166f1-1ff8-5443-2779-ec3cbb50ec95
KXNCAAFTOTAL-25NOV08LSUALA-37,2025-11-09T01:40:58.624813Z,0.59,11,no,090fd3b1-8b00-5b8b-5c10-b2b1c9a73ef1
KXNCAAFTOTAL-25NOV08LSUALA-37,2025-11-09T01:40:30.82998Z,0.64,4,yes,a55e8d30-1ce7-6adb-35be-4d14a58bccd5
KXNCAAFTOTAL-25NOV08LSUALA-37,2025-11-09T01:40:09.803975Z,0.59,25,no,0b64c639-77d0-4d3f-d9f4-2c4a385d97c9
KXNCAAFTOTAL-25NOV08LSUALA-37,2025-11-09T01:39:46.580855Z,0.59,2,no,2ce99077-1214-40ef-efcc-d10647b1eab5
KXNCAAFTOTAL-25NOV08LSUALA-37,2025-11-09T01:38:53.694781Z,0.59,2,no,112b1473-5474-607f-36d9-7c37be4d6759
KXNCAAFTOTAL-25NOV08LSUALA-37,2025-11-09T01:37:03.246581Z,0.58,57,yes,a9f3a9d8-9ae8-5a86-e241-79a97bbe95a9
KXNCAAFTOTAL-25NOV08LSUALA-37,2025-11-09T01:35:57.553998Z,0.58,16,yes,39b9ce3f-08d0-581a-553e-ebee455532fd
KXNCAAFTOTAL-25NOV08LSUALA-37,2025-11-09T01:35:52.294646Z,0.55,25,no,2a1a4fa4-a9b4-567f-a19f-be5170a70dfe
KXNCAAFTOTAL-25NOV08LSUALA-37,2025-11-09T01:35:32.311496Z,0.55,75,no,97a5d8e4-ea08-6767-15b3-3c77996fd28e
KXNCAAFTOTAL-25NOV08LSUALA-37,2025-11-09T01:34:51.862636Z,0.58,3,yes,3c7ec0c2-da84-729e-f4c5-4f72144949d9
KXNCAAFTOTAL-25NOV08LSUALA-37,2025-11-09T01:34:15.461321Z,0.58,83,yes,b2173803-5ff8-5b16-9b2e-7088e85ea951
KXNCAAFTOTAL-25NOV08LSUALA-37,2025-11-09T01:32:06.117758Z,0.58,41,yes,d7a448dd-669c-4152-bc37-955c46e49b39
KXNCAAFTOTAL-25NOV08LSUALA-37,2025-11-09T01:31:29.038868Z,0.52,1,no,bde02f69-00ce-6342-3250-875018226cf0
KXNCAAFTOTAL-25NOV08LSUALA-37,2025-11-09T01:31:23.574489Z,0.52,10,no,41b11c0e-7a76-6712-e35d-39c99a33cdc0
KXNCAAFTOTAL-25NOV08LSUALA-37,2025-11-09T01:31:00.071426Z,0.52,8,no,9661fe94-5272-4ce6-00e7-f2007ea4e7e4
KXNCAAFTOTAL-25NOV08LSUALA-37,2025-11-09T01:30:51.074296Z,0.52,40,no,0be93b0f-beda-46b6-0a61-f7890c76cae8
KXNCAAFTOTAL-25NOV08LSUALA-37,2025-11-09T01:30:21.733315Z,0.52,8,no,986f5593-7286-780a-e7c0-1639cd0d1188
KXNCAAFTOTAL-25NOV08LSUALA-37,2025-11-09T01:29:21.060832Z,0.5,19,no,afa6fb33-9a40-62cd-5a14-4fef17a8adab
KXNCAAFTOTAL-25NOV08LSUALA-37,2025-11-09T01:29:10.838053Z,0.6,162,yes,8905cc00-d453-7484-b2c4-649d6dd35ffd
KXNCAAFTOTAL-25NOV08LSUALA-37,2025-11-09T01:28:39.757771Z,0.54,10,no,5c62096c-72da-5bee-617d-5f5feeeede24
KXNCAAFTOTAL-25NOV08LSUALA-37,2025-11-09T01:27:25.877549Z,0.59,234,no,522ca152-b53e-6eb6-1408-8200a54567f8
KXNCAAFTOTAL-25NOV08LSUALA-37,2025-11-09T01:26:57.504557Z,0.5,19,no,50095b97-4b06-7556-2c12-102a57b4808f
KXNCAAFTOTAL-25NOV08LSUALA-37,2025-11-09T01:25:22.240334Z,0.58,33,yes,a4c9d0ba-5e13-75bb-94fa-6098dba64c15
KXNCAAFTOTAL-25NOV08LSUALA-37,2025-11-09T01:24:46.661614Z,0.51,49,no,187bb4cb-71e6-5622-00db-e68a01b9f4f0
KXNCAAFTOTAL-25NOV08LSUALA-37,2025-11-09T01:23:31.096549Z,0.58,1,yes,456a1ec7-ebb2-73e9-a979-28a0ce5d1a47
KXNCAAFTOTAL-25NOV08LSUALA-37,2025-11-09T01:23:26.341043Z,0.49,17,no,3ad40d3c-8267-7293-3fe5-0588b4ec8c73
KXNCAAFTOTAL-25NOV08LSUALA-37,2025-11-09T01:22:14.922903Z,0.52,100,no,e4abb879-50b5-4c17-79ca-869dd9272541
KXNCAAFTOTAL-25NOV08LSUALA-37,2025-11-09T01:21:52.209148Z,0.54,1,no,24cf7c58-c382-4d66-6d65-05e4dfd1b004
KXNCAAFTOTAL-25NOV08LSUALA-37,2025-11-09T01:21:42.691876Z,0.52,11,no,dd7c82c9-659e-7739-b7ee-fe14a30890de
KXNCAAFTOTAL-25NOV08LSUALA-37,2025-11-09T01:21:02.224461Z,0.61,15,yes,286c6ea7-894f-4cb3-8397-eee61c395959
KXNCAAFTOTAL-25NOV08LSUALA-37,2025-11-09T01:20:04.304296Z,0.55,2,no,24d58b56-4078-5318-4e30-3fdde2ed7de1
KXNCAAFTOTAL-25NOV08LSUALA-37,2025-11-09T01:19:23.209472Z,0.61,42,yes,bee2cd5d-ba6f-7f19-e5b6-694e643f55bc
KXNCAAFTOTAL-25NOV08LSUALA-37,2025-11-09T01:18:59.453538Z,0.57,621,no,afd1ae92-d685-444a-ef5f-354a838a9677
KXNCAAFTOTAL-25NOV08LSUALA-37,2025-11-09T01:18:59.012854Z,0.57,220,no,141ed279-cf79-576a-9593-240dd11ca357
KXNCAAFTOTAL-25NOV08LSUALA-37,2025-11-09T01:18:46.833136Z,0.57,201,no,a2f89f2e-1ad1-7176-0419-29e6b08b52c7
KXNCAAFTOTAL-25NOV08LSUALA-37,2025-11-09T01:18:29.288731Z,0.63,77,yes,343a2e51-9b40-6c0e-1c7b-d6aeaee627b6
KXNCAAFTOTAL-25NOV08LSUALA-37,2025-11-09T01:17:51.931024Z,0.62,314,yes,b7376bb4-e0ee-5220-9ca1-f6010d90cf4a
KXNCAAFTOTAL-25NOV08LSUALA-37,2025-11-09T01:17:39.577457Z,0.51,39,no,e8628f1c-dcd2-4f92-1e2a-efcd05f83a18
KXNCAAFTOTAL-25NOV08LSUALA-37,2025-11-09T01:17:21.724927Z,0.52,9,no,3f09c9f3-5a29-5c7e-12a5-c52f02f778cf
KXNCAAFTOTAL-25NOV08LSUALA-37,2025-11-09T01:17:08.785199Z,0.52,18,no,50f61c0d-9be5-6452-b993-c85c4898a69b
KXNCAAFTOTAL-25NOV08LSUALA-37,2025-11-09T01:16:50.06839Z,0.59,32,yes,7327c31a-9afe-6853-a58f-f7ee6fed0c6e
KXNCAAFTOTAL-25NOV08LSUALA-37,2025-11-09T01:16:36.097353Z,0.53,663,no,a9db7d52-f8d2-5a2a-772d-d4dd46c30440
KXNCAAFTOTAL-25NOV08LSUALA-37,2025-11-09T01:16:36.097353Z,0.52,355,no,6d16a1f6-6c5d-5926-5b5f-7a81fa9a6e47
KXNCAAFTOTAL-25NOV08LSUALA-37,2025-11-09T01:16:19.21963Z,0.59,656,no,bd079ba4-a114-6631-3d79-c9beebc94121
KXNCAAFTOTAL-25NOV08LSUALA-37,2025-11-09T01:16:13.499781Z,0.59,613,no,bf66ec38-ae70-5ced-6b90-7f6a31403c9d
KXNCAAFTOTAL-25NOV08LSUALA-37,2025-11-09T01:16:13.478977Z,0.59,798,no,70152dba-c800-5279-7084-b6e734aa0351
KXNCAAFTOTAL-25NOV08LSUALA-37,2025-11-09T01:15:57.970442Z,0.59,613,no,eb856a57-cf60-7d61-501d-62992cdd7e25
KXNCAAFTOTAL-25NOV08LSUALA-37,2025-11-09T01:15:57.956892Z,0.59,798,no,fead9eda-7ce8-5fe1-e10e-c1bb03c52e3d
KXNCAAFTOTAL-25NOV08LSUALA-37,2025-11-09T01:15:51.070374Z,0.59,2439,no,efbf370a-fd94-44b1-c305-cf41addd53c9
KXNCAAFTOTAL-25NOV08LSUALA-37,2025-11-09T01:15:42.732104Z,0.59,1,no,93b3a8e3-d218-6079-b943-39297fd4a221
KXNCAAFTOTAL-25NOV08LSUALA-37,2025-11-09T01:15:42.725783Z,0.59,2,no,77be7f50-77b4-4119-e51b-ab23aa195239
KXNCAAFTOTAL-25NOV08LSUALA-37,2025-11-09T01:15:12.526578Z,0.59,1463,no,32ddae7a-f578-5c89-37a3-424810f7a3cd
KXNCAAFTOTAL-25NOV08LSUALA-37,2025-11-09T01:14:49.751254Z,0.59,117,no,7b79bec6-b8e0-6c91-0169-071334bda049
KXNCAAFTOTAL-25NOV08LSUALA-37,2025-11-09T01:14:26.280182Z,0.65,132,yes,afc6e192-7d8b-5e93-6963-f71ec51b1029
KXNCAAFTOTAL-25NOV08LSUALA-37,2025-11-09T01:14:14.922983Z,0.65,134,yes,d26287f4-da17-5053-8610-ee3e755f6f01
KXNCAAFTOTAL-25NOV08LSUALA-37,2025-11-09T01:13:41.76116Z,0.6,230,no,c0eead79-2879-6496-85f8-ae62d5ccd327
KXNCAAFTOTAL-25NOV08LSUALA-37,2025-11-09T01:13:29.185908Z,0.63,38,yes,83db5064-686f-71e4-c0af-381ed2853b7c
KXNCAAFTOTAL-25NOV08LSUALA-37,2025-11-09T01:13:10.834125Z,0.61,29,no,bd12973f-f0b5-6211-f31a-86d3aa613fb8
KXNCAAFTOTAL-25NOV08LSUALA-37,2025-11-09T01:11:47.496056Z,0.52,10,no,08d0c1ed-c593-748f-7a14-f2ac87a02531
KXNCAAFTOTAL-25NOV08LSUALA-37,2025-11-09T01:11:34.619758Z,0.6,16,yes,9d4503f7-7973-6230-22d0-046677223acc
KXNCAAFTOTAL-25NOV08LSUALA-37,2025-11-09T01:11:32.5636Z,0.6,181,yes,719ee889-74af-7e8c-5b3b-68dd1d88f98b
KXNCAAFTOTAL-25NOV08LSUALA-37,2025-11-09T01:11:32.5636Z,0.61,61,yes,680ba538-667b-7cca-5587-161c8a1e6d89
KXNCAAFTOTAL-25NOV08LSUALA-37,2025-11-09T01:11:23.578822Z,0.6,32,yes,b4041178-81fb-7a0a-6f9e-61ea0bd90ec9
KXNCAAFTOTAL-25NOV08LSUALA-37,2025-11-09T01:10:09.521058Z,0.6,40,yes,fa72d19d-a8c7-5b9a-cb10-40ea78cfbfe9
KXNCAAFTOTAL-25NOV08LSUALA-37,2025-11-09T01:09:23.648398Z,0.59,51,yes,11edcb04-753f-5178-9304-0a06fade9f7a
KXNCAAFTOTAL-25NOV08LSUALA-37,2025-11-09T01:09:15.370181Z,0.56,87,no,9819c57f-a3ed-5b36-0857-6e4f03a19a5b
KXNCAAFTOTAL-25NOV08LSUALA-37,2025-11-09T01:08:59.307129Z,0.56,43,no,84198a19-8b59-76aa-6a1b-94607700dedb
KXNCAAFTOTAL-25NOV08LSUALA-37,2025-11-09T01:08:55.54485Z,0.59,65,yes,5398af27-bd7b-6620-7a6b-7de6b274e42e
KXNCAAFTOTAL-25NOV08LSUALA-37,2025-11-09T01:08:38.966222Z,0.56,21,no,809e6c44-9a41-7ffa-6235-412ccc537367
KXNCAAFTOTAL-25NOV08LSUALA-37,2025-11-09T01:06:34.805631Z,0.58,7,no,5f4b212f-9ea9-55d4-20ad-605d052c3193
KXNCAAFTOTAL-25NOV08LSUALA-37,2025-11-09T01:06:34.805631Z,0.56,15,no,2e8d6734-e9d4-5e91-03ef-9d6393f7886d
KXNCAAFTOTAL-25NOV08LSUALA-37,2025-11-09T01:05:17.72523Z,0.65,6,yes,bf688758-f3c8-50be-293f-32f8f6979420
KXNCAAFTOTAL-25NOV08LSUALA-37,2025-11-09T01:04:57.273763Z,0.64,7,yes,ef39160e-df00-5adb-605b-87081f288a15
KXNCAAFTOTAL-25NOV08LSUALA-37,2025-11-09T01:04:40.235239Z,0.56,1000,yes,7034fa1e-900a-7446-85fb-bf29525f371c
KXNCAAFTOTAL-25NOV08LSUALA-37,2025-11-09T01:02:44.712468Z,0.59,23,no,ef985bb7-eaa9-6b5a-417f-c2860e870d1f
KXNCAAFTOTAL-25NOV08LSUALA-37,2025-11-09T01:02:34.009345Z,0.59,2,no,15b5bc49-2cdd-6ad2-9272-bba04e578ab3
KXNCAAFTOTAL-25NOV08LSUALA-37,2025-11-09T01:02:24.41579Z,0.59,7,no,723e5b42-448d-618e-ef61-ef63bc48159f
KXNCAAFTOTAL-25NOV08LSUALA-37,2025-11-09T01:00:50.057212Z,0.65,1000,no,c991b4f8-85e9-6cf1-875c-d422a6c94667
KXNCAAFTOTAL-25NOV08LSUALA-37,2025-11-09T00:59:39.824371Z,0.68,14,no,f3a7df68-69ad-70ee-8517-43991db8d2f7
KXNCAAFTOTAL-25NOV08LSUALA-37,2025-11-09T00:57:43.167612Z,0.68,29,no,e0b45eb8-5ef9-6c42-94d9-52c8c9c95ecb
KXNCAAFTOTAL-25NOV08LSUALA-37,2025-11-09T00:57:23.560386Z,0.68,89,no,955ac39a-1b67-6dbe-01c1-080449117e9d
KXNCAAFTOTAL-25NOV08LSUALA-37,2025-11-09T00:57:23.560386Z,0.68,351,no,23d5b5bf-9065-60a6-0b0e-28a448b52bf7
KXNCAAFTOTAL-25NOV08LSUALA-37,2025-11-09T00:57:05.762354Z,0.68,14,no,f02c3976-72ef-5a52-e4f2-b0d2c130de05
KXNCAAFTOTAL-25NOV08LSUALA-37,2025-11-09T00:57:02.926785Z,0.68,14,no,5d2ee850-1257-7d16-70ce-01ffab304749
KXNCAAFTOTAL-25NOV08LSUALA-37,2025-11-09T00:56:55.651932Z,0.68,5,no,133086fe-6627-4cbe-1f53-4321e75b29fd
KXNCAAFTOTAL-25NOV08LSUALA-37,2025-11-09T00:56:10.922981Z,0.68,275,no,cfa336ab-a910-5305-92fa-cc2cc71b83c7
KXNCAAFTOTAL-25NOV08LSUALA-37,2025-11-09T00:56:10.922981Z,0.69,23,no,aa92b836-57fc-590c-b1ef-c62a762d7b4a
KXNCAAFTOTAL-25NOV08LSUALA-37,2025-11-09T00:56:01.589776Z,0.69,24,no,f9987ab8-100d-5438-c96b-9939ad0c1a36
KXNCAAFTOTAL-25NOV08LSUALA-37,2025-11-09T00:55:22.268662Z,0.77,25,yes,9243564e-8986-6eec-6731-1b3e65037d7b
KXNCAAFTOTAL-25NOV08LSUALA-37,2025-11-09T00:55:15.116301Z,0.77,2,yes,7350850c-07f6-4a88-0c7f-f0a86d21e757
KXNCAAFTOTAL-25NOV08LSUALA-37,2025-11-09T00:54:51.822252Z,0.77,31,yes,7f20ded8-a1ba-625c-9181-51bec1ac31df
KXNCAAFTOTAL-25NOV08LSUALA-37,2025-11-09T00:53:44.052672Z,0.75,28,no,b8584c1b-f79b-72de-7fbb-b04ba3e641c5
KXNCAAFTOTAL-25NOV08LSUALA-37,2025-11-09T00:53:44.052672Z,0.75,10,no,9ec3ec17-1db1-7d29-50d8-6de129cb071d
KXNCAAFTOTAL-25NOV08LSUALA-37,2025-11-09T00:52:15.158594Z,0.78,47,yes,9ce23284-76b6-678c-5817-f3d803b8c75a
KXNCAAFTOTAL-25NOV08LSUALA-37,2025-11-09T00:51:39.794051Z,0.84,48,yes,5c84fd30-6625-6c39-3172-6148771fe7e5
KXNCAAFTOTAL-25NOV08LSUALA-37,2025-11-09T00:51:39.794051Z,0.84,10,yes,17b7be67-d29f-6cb4-10df-1b7422579879
KXNCAAFTOTAL-25NOV08LSUALA-37,2025-11-09T00:50:32.350066Z,0.78,47,yes,7c525bc9-9dd9-79c8-d4cc-4d2f961bf89c
KXNCAAFTOTAL-25NOV08LSUALA-37,2025-11-09T00:50:01.758171Z,0.8,911,no,10f02675-508d-7818-7b09-88732d354563
KXNCAAFTOTAL-25NOV08LSUALA-37,2025-11-09T00:49:51.809164Z,0.8,2272,no,c3ac5068-2d01-6b90-5009-07d12b534433
KXNCAAFTOTAL-25NOV08LSUALA-37,2025-11-09T00:43:42.4966Z,0.8,94,no,3f5155ed-0c69-5cd4-f157-bc1f88d32747
KXNCAAFTOTAL-25NOV08LSUALA-37,2025-11-09T00:40:59.266979Z,0.83,29,yes,58e39c86-992b-60de-0ea1-65829d8e612b
KXNCAAFTOTAL-25NOV08LSUALA-37,2025-11-09T00:34:17.515284Z,0.8,47,no,f0e2b7cb-42dd-5200-b424-93de85bfae03
KXNCAAFTOTAL-25NOV08LSUALA-37,2025-11-09T00:33:02.392778Z,0.8,71,no,aad05550-f085-6600-99e5-a87a3045b4df
KXNCAAFTOTAL-25NOV08LSUALA-37,2025-11-09T00:25:51.990816Z,0.8,5,no,7f4306c6-45fd-6640-507b-f1cd11bfc11f
KXNCAAFTOTAL-25NOV08LSUALA-37,2025-11-09T00:25:42.918967Z,0.81,8,yes,f5b46cae-cdaa-759c-984d-40b3869e73f2
KXNCAAFTOTAL-25NOV08LSUALA-37,2025-11-09T00:25:42.918967Z,0.84,109,yes,b160b291-f78c-7007-bf8f-20ae994833af
KXNCAAFTOTAL-25NOV08LSUALA-37,2025-11-09T00:21:12.352743Z,0.81,2,yes,7171303f-9766-787c-6dbe-cedb938fb852
KXNCAAFTOTAL-25NOV08LSUALA-37,2025-11-09T00:13:20.00196Z,0.8,100,no,efef4164-37d1-62b0-e2a4-6ebf5c734713
KXNCAAFTOTAL-25NOV08LSUALA-37,2025-11-09T00:12:03.614586Z,0.84,11,yes,73c488a1-e330-5f1f-a0b3-720e721aedeb
KXNCAAFTOTAL-25NOV08LSUALA-37,2025-11-09T00:05:06.447756Z,0.84,58,yes,7538201a-7b8c-4f57-7d3e-4edb995379a7
KXNCAAFTOTAL-25NOV08LSUALA-37,2025-11-09T00:01:47.496184Z,0.76,39,no,0cb2ccc8-a929-764a-64cb-6426f843fd22
KXNCAAFTOTAL-25NOV08LSUALA-37,2025-11-08T23:56:12.451803Z,0.84,2462,yes,c71707ec-212c-5dab-b12b-491ada7b668f
KXNCAAFTOTAL-25NOV08LSUALA-37,2025-11-08T23:56:12.451803Z,0.83,10,yes,a780fb50-ca25-567a-ac7d-769ab98f8f64
KXNCAAFTOTAL-25NOV08LSUALA-37,2025-11-08T23:49:21.470715Z,0.76,39,no,a12d2a6f-e7fd-4e8a-44d7-ba86e4d2af86
KXNCAAFTOTAL-25NOV08LSUALA-37,2025-11-08T23:47:46.356452Z,0.84,117,yes,7a64a817-d978-724b-a6ef-3f4386c87b5b
KXNCAAFTOTAL-25NOV08LSUALA-37,2025-11-08T23:43:08.061651Z,0.76,39,no,d2f969f7-9dfd-7e26-f700-91615582268a
KXNCAAFTOTAL-25NOV08LSUALA-37,2025-11-08T23:37:13.356843Z,0.84,11,yes,41c83dd1-9068-6947-fb9c-061977a66807
KXNCAAFTOTAL-25NOV08LSUALA-37,2025-11-08T23:13:13.550538Z,0.75,38,no,b0a4025e-569d-6264-be18-6df48aa2d8c1
KXNCAAFTOTAL-25NOV08LSUALA-37,2025-11-08T23:12:09.9158Z,0.84,12,yes,84fb5c69-e418-653b-f9d4-f5dc8c51f20b
KXNCAAFTOTAL-25NOV08LSUALA-37,2025-11-08T23:10:43.131792Z,0.75,37,no,5ecc8a37-01dd-4b78-f8f6-3b3801c6d6b1
KXNCAAFTOTAL-25NOV08LSUALA-37,2025-11-08T23:07:53.354375Z,0.75,19,no,22762633-30d9-7c7c-74d7-a322843e17ad
KXNCAAFTOTAL-25NOV08LSUALA-37,2025-11-08T22:59:08.044513Z,0.84,17,yes,237acd04-3964-7b47-330e-299c1a5e6d6b
KXNCAAFTOTAL-25NOV08LSUALA-37,2025-11-08T22:57:01.541218Z,0.84,11,yes,13f42d50-dba4-6d0f-9902-b5742ecdfd2b
KXNCAAFTOTAL-25NOV08LSUALA-37,2025-11-08T22:52:13.456499Z,0.75,38,no,7f19418b-7711-6b64-97e0-ce1991916851
KXNCAAFTOTAL-25NOV08LSUALA-37,2025-11-08T22:34:17.475764Z,0.84,48,yes,6d4035fc-c6d8-670f-6a88-ac1fddfb47d3
KXNCAAFTOTAL-25NOV08LSUALA-37,2025-11-08T22:29:43.054438Z,0.84,23,yes,52d14124-48c8-4d5f-eec7-ab152a6b0097
KXNCAAFTOTAL-25NOV08LSUALA-37,2025-11-08T22:03:53.437576Z,0.75,19,no,07f303ab-3bd1-608c-ef47-4f772baabef5
KXNCAAFTOTAL-25NOV08LSUALA-37,2025-11-08T21:58:11.392978Z,0.86,23,yes,22fcc2a6-c9ae-725c-e399-ab6c0d36000b
KXNCAAFTOTAL-25NOV08LSUALA-37,2025-11-08T21:02:06.737957Z,0.86,23,yes,70f81de9-991a-71e8-6066-65a6a7a6da5f
KXNCAAFTOTAL-25NOV08LSUALA-37,2025-11-08T20:51:06.578905Z,0.75,7,no,d824c11b-8315-72a4-f2b6-5f15ceb88c81
KXNCAAFTOTAL-25NOV08LSUALA-37,2025-11-08T20:49:01.946057Z,0.75,95,no,fe813ea3-5e6d-6c74-80b0-93265aa51a29
KXNCAAFTOTAL-25NOV08LSUALA-37,2025-11-08T20:40:46.901861Z,0.75,19,no,0c951936-ce21-7fac-5d6a-f1eb543225d1
KXNCAAFTOTAL-25NOV08LSUALA-37,2025-11-08T20:35:57.931266Z,0.75,57,no,e743d945-f94d-5a50-e004-ed99a1b837f5
KXNCAAFTOTAL-25NOV08LSUALA-37,2025-11-08T20:14:00.217062Z,0.75,1,no,3c16173e-fe89-5750-8d9d-38619016754d
KXNCAAFTOTAL-25NOV08LSUALA-37,2025-11-08T19:59:08.432998Z,0.75,19,no,0ad17d83-1965-5490-b49f-95514a7d567d
KXNCAAFTOTAL-25NOV08LSUALA-37,2025-11-08T17:36:50.475292Z,0.86,8,yes,bd43a6a7-306a-5ad4-3e5e-fe7d7a940d1f
KXNCAAFTOTAL-25NOV08LSUALA-37,2025-11-08T16:55:05.59035Z,0.69,76,no,e60cbc4a-a7fe-5368-d5d8-c833911d26e0
KXNCAAFTOTAL-25NOV08LSUALA-37,2025-11-08T16:28:12.686137Z,0.69,30,no,6dceb380-e9c6-5cf8-db25-9b3559ddc9ec
KXNCAAFTOTAL-25NOV08LSUALA-37,2025-11-08T15:50:58.192524Z,0.69,30,no,fb63729c-556a-635c-ae87-f69b033fe2e0
KXNCAAFTOTAL-25NOV08LSUALA-37,2025-11-08T15:39:41.580182Z,0.69,15,no,06147009-5306-603c-9c60-135bd9297bcc
KXNCAAFTOTAL-25NOV08LSUALA-37,2025-11-08T15:24:24.807707Z,0.9,11,yes,c020952d-7fb2-4636-f1b9-23d108f9e3ae
KXNCAAFTOTAL-25NOV08LSUALA-37,2025-11-08T14:51:17.226462Z,0.69,12,no,fe40fea8-e20a-592c-a755-b7f6bf176204
KXNCAAFTOTAL-25NOV08LSUALA-37,2025-11-08T14:37:03.526167Z,0.69,307,no,f7a6bfa2-49d6-6ff0-2314-2ec703ee3ba0
KXNCAAFTOTAL-25NOV08LSUALA-37,2025-11-08T14:30:44.590466Z,0.9,5,yes,c154e3f3-c432-695a-94cd-aa9e25c7202e
KXNCAAFTOTAL-25NOV08LSUALA-37,2025-11-08T07:31:24.237639Z,0.69,14,no,0914ea6e-7986-7dc8-ea51-c784b7ba1268
