ticker,created_time,price,count,taker_side,trade_id
KXNCAAMBSPREAD-25NOV08OKLAGONZ-GONZ11,2025-11-09T05:40:05.440121Z,0.99,41,no,2951180d-abd0-580d-d63e-f8b92eb1eb3f
KXNCAAMBSPREAD-25NOV08OKLAGONZ-GONZ11,2025-11-09T05:38:35.040308Z,0.99,104,no,327452d7-d84c-6a71-ae7a-5d620662d4a7
KXNCAAMBSPREAD-25NOV08OKLAGONZ-GONZ11,2025-11-09T05:37:04.59662Z,0.99,200,yes,6386e827-b71b-4d19-2e5b-5432551a5450
KXNCAAMBSPREAD-25NOV08OKLAGONZ-GONZ11,2025-11-09T05:36:58.66677Z,0.97,50,yes,11e4d629-e2bf-4a55-2c19-0b99540dbf99
KXNCAAMBSPREAD-25NOV08OKLAGONZ-GONZ11,2025-11-09T04:01:16.535632Z,0.74,250,yes,82968645-ab06-6cfa-1f49-311b586d2065
KXNCAAMBSPREAD-25NOV08OKLAGONZ-GONZ11,2025-11-09T03:54:52.320493Z,0.47,41,yes,da3ebdcf-07ff-56eb-c484-24b8ca267d3f
KXNCAAMBSPREAD-25NOV08OKLAGONZ-GONZ11,2025-11-09T03:54:48.347Z,0.47,51,yes,ff1e03d5-8b0f-437f-9cc7-1ed2b0c5aa47
KXNCAAMBSPREAD-25NOV08OKLAGONZ-GONZ11,2025-11-09T03:53:19.657774Z,0.47,9,no,99b1b702-5647-5c1b-4901-8183381341f6
KXNCAAMBSPREAD-25NOV08OKLAGONZ-GONZ11,2025-11-09T03:53:19.657774Z,0.48,10,no,98b8db0f-d488-504e-5362-b81924fc1c76
KXNCAAMBSPREAD-25NOV08OKLAGONZ-GONZ11,2025-11-09T03:34:09.464144Z,0.46,52,yes,d580dd80-493b-70cc-208a-1834f1172526
KXNCAAMBSPREAD-25NOV08OKLAGONZ-GONZ11,2025-11-09T03:30:03.44513Z,0.46,20,yes,ad928bda-9f57-79eb-945e-c7e6aac1c9dc
KXNCAAMBSPREAD-25NOV08OKLAGONZ-GONZ11,2025-11-09T03:29:26.307433Z,0.46,418,yes,d10f2f8a-fbd3-5487-5ccf-8a840f3e75a0
KXNCAAMBSPREAD-25NOV08OKLAGONZ-GONZ11,2025-11-09T03:27:43.692929Z,0.46,205,yes,7008bd95-548f-4cdb-94e4-b65ceaaec464
KXNCAAMBSPREAD-25NOV08OKLAGONZ-GONZ11,2025-11-09T03:25:54.812294Z,0.43,17,no,e5374362-73f5-5b87-742b-cdeffacc92c4
KXNCAAMBSPREAD-25NOV08OKLAGONZ-GONZ11,2025-11-09T03:25:02.743417Z,0.46,209,yes,e06fbf6d-d86b-59c3-e8d6-1ed7965f30b4
KXNCAAMBSPREAD-25NOV08OKLAGONZ-GONZ11,2025-11-09T03:25:00.622053Z,0.46,77,yes,e0c1c808-3773-76ed-4a12-4049d0dbe02b
KXNCAAMBSPREAD-25NOV08OKLAGONZ-GONZ11,2025-11-09T03:25:00.622053Z,0.46,27,yes,8bccba0b-7a13-7d83-79c5-2f0e3e18852c
KXNCAAMBSPREAD-25NOV08OKLAGONZ-GONZ11,2025-11-09T03:23:33.153954Z,0.47,1025,yes,aaf18f47-3e28-5963-35f5-90a7498d86fe
KXNCAAMBSPREAD-25NOV08OKLAGONZ-GONZ11,2025-11-09T03:23:11.932387Z,0.47,41,yes,25ec28ec-2874-454f-ac38-5bcdf1ab4366
KXNCAAMBSPREAD-25NOV08OKLAGONZ-GONZ11,2025-11-09T03:23:11.881807Z,0.47,30,yes,fe2d70e7-e768-5b87-a0b6-7e122db93836
KXNCAAMBSPREAD-25NOV08OKLAGONZ-GONZ11,2025-11-09T03:21:43.001599Z,0.44,28,no,cb78e5e7-7844-5f64-4fdf-7cda405e4374
KXNCAAMBSPREAD-25NOV08OKLAGONZ-GONZ11,2025-11-09T03:18:34.040213Z,0.43,1836,no,18c9d2d9-ce67-603f-35c6-022a053f7731
KXNCAAMBSPREAD-25NOV08OKLAGONZ-GONZ11,2025-11-09T03:18:34.040213Z,0.44,1105,no,0e9d26b9-0d19-6e0c-237a-53aa1c283172
KXNCAAMBSPREAD-25NOV08OKLAGONZ-GONZ11,2025-11-09T03:18:34.040213Z,0.45,500,no,0ad27c08-85f9-611b-1c8f-852b543f4562
KXNCAAMBSPREAD-25NOV08OKLAGONZ-GONZ11,2025-11-09T03:13:27.181855Z,0.48,24,yes,c2a14a17-7cb3-619d-098f-ca12755346fc
KXNCAAMBSPREAD-25NOV08OKLAGONZ-GONZ11,2025-11-09T03:12:46.609337Z,0.48,100,yes,cae9364d-2447-6381-8a65-f4e4a03664b5
KXNCAAMBSPREAD-25NOV08OKLAGONZ-GONZ11,2025-11-09T03:12:39.119742Z,0.48,100,yes,c1b05407-506f-4e55-064d-2d025e327532
KXNCAAMBSPREAD-25NOV08OKLAGONZ-GONZ11,2025-11-09T03:03:33.060967Z,0.49,98,yes,eb732471-7103-5cbb-269c-12f481ffa646
KXNCAAMBSPREAD-25NOV08OKLAGONZ-GONZ11,2025-11-09T02:58:31.982336Z,0.48,100,yes,53c68124-478d-6449-729d-8ce0672e4b10
KXNCAAMBSPREAD-25NOV08OKLAGONZ-GONZ11,2025-11-09T02:54:09.120128Z,0.48,10,yes,c3d28964-c5ad-46e5-9ec3-0cd49bb69084
KXNCAAMBSPREAD-25NOV08OKLAGONZ-GONZ11,2025-11-09T02:54:01.028641Z,0.48,2357,yes,9a989019-ac5d-447d-9d84-051f65f65038
KXNCAAMBSPREAD-25NOV08OKLAGONZ-GONZ11,2025-11-09T02:38:13.8881Z,0.45,17,no,9d30abc9-fabe-7a5c-bebc-6ed1e60ed196
KXNCAAMBSPREAD-25NOV08OKLAGONZ-GONZ11,2025-11-09T02:34:57.860547Z,0.45,458,no,688d33f9-071e-6c14-71c2-638d78ee9126
KXNCAAMBSPREAD-25NOV08OKLAGONZ-GONZ11,2025-11-09T02:30:07.739216Z,0.48,4,yes,934c3341-8289-529d-028b-dbb3ac8b0d28
KXNCAAMBSPREAD-25NOV08OKLAGONZ-GONZ11,2025-11-09T02:10:49.124973Z,0.49,413,yes,b7076d98-a8d7-69a3-7a92-2b32e6ab500e
KXNCAAMBSPREAD-25NOV08OKLAGONZ-GONZ11,2025-11-09T02:08:50.551626Z,0.48,2,yes,d717c802-08b0-48b4-1db1-4c7733542ee1
KXNCAAMBSPREAD-25NOV08OKLAGONZ-GONZ11,2025-11-09T02:08:50.551626Z,0.49,47,yes,3b573c02-f4f7-4e5f-1cd7-f174d69382ea
KXNCAAMBSPREAD-25NOV08OKLAGONZ-GONZ11,2025-11-09T02:08:34.331011Z,0.46,26,no,7b6bcfba-1de2-617a-81dd-48086ce0372d
KXNCAAMBSPREAD-25NOV08OKLAGONZ-GONZ11,2025-11-09T02:07:23.123732Z,0.48,40,yes,08fd2339-541c-414c-76b8-e7a4f005005d
KXNCAAMBSPREAD-25NOV08OKLAGONZ-GONZ11,2025-11-09T02:02:07.89818Z,0.48,8,yes,ee9c7a77-5df0-4800-85c2-1efb0ceb8fd9
KXNCAAMBSPREAD-25NOV08OKLAGONZ-GONZ11,2025-11-09T01:32:00.055507Z,0.48,10,yes,954a7878-80b4-4e14-6071-4a727b4648ed
KXNCAAMBSPREAD-25NOV08OKLAGONZ-GONZ11,2025-11-09T01:29:03.51574Z,0.48,10,yes,c9dadfa1-52d0-643c-59e3-63677c0a5139
KXNCAAMBSPREAD-25NOV08OKLAGONZ-GONZ11,2025-11-09T01:15:09.504363Z,0.48,30,yes,88f4f2db-b67c-665c-c19e-c02d013bbb3d
KXNCAAMBSPREAD-25NOV08OKLAGONZ-GONZ11,2025-11-09T01:11:33.968033Z,0.48,50,yes,19579ae6-6d68-5610-c671-0d5a49a46321
KXNCAAMBSPREAD-25NOV08OKLAGONZ-GONZ11,2025-11-09T00:37:51.518911Z,0.49,200,yes,fcb80b51-bef3-51eb-f9a7-c0b31f14d212
KXNCAAMBSPREAD-25NOV08OKLAGONZ-GONZ11,2025-11-09T00:37:51.518911Z,0.48,781,yes,da83f372-972e-5171-e913-138e16db49b1
KXNCAAMBSPREAD-25NOV08OKLAGONZ-GONZ11,2025-11-09T00:26:46.487669Z,0.48,19,yes,ccad6447-95a2-4c7d-6d4f-244384e64021
KXNCAAMBSPREAD-25NOV08OKLAGONZ-GONZ11,2025-11-09T00:19:13.451855Z,0.49,202,yes,29d2b443-5b47-5102-5f41-d20f35f7bff2
KXNCAAMBSPREAD-25NOV08OKLAGONZ-GONZ11,2025-11-09T00:11:02.126157Z,0.49,19,yes,8770e17f-f995-7487-a878-14c51816c95e
KXNCAAMBSPREAD-25NOV08OKLAGONZ-GONZ11,2025-11-08T23:23:50.026914Z,0.49,9,no,0ef31d4d-195b-7ad6-250c-4d2901a561d2
KXNCAAMBSPREAD-25NOV08OKLAGONZ-GONZ11,2025-11-08T22:18:53.424461Z,0.51,43,yes,a93e2c84-6f1c-5935-2129-bdcc3652d2e0
KXNCAAMBSPREAD-25NOV08OKLAGONZ-GONZ11,2025-11-08T21:42:33.944422Z,0.51,56,yes,a22fcd5e-fc20-79d1-6e33-aaf72321f674
KXNCAAMBSPREAD-25NOV08OKLAGONZ-GONZ11,2025-11-08T20:01:59.987284Z,0.51,18,yes,05db05ab-3fbc-71b9-de85-d7c17c05e9a8
KXNCAAMBSPREAD-25NOV08OKLAGONZ-GONZ11,2025-11-08T19:35:48.722415Z,0.49,500,no,fb06bbb7-9237-424a-3ed3-1d29c1582b4c
KXNCAAMBSPREAD-25NOV08OKLAGONZ-GONZ11,2025-11-08T17:55:42.180395Z,0.49,94,no,779752bf-82d7-6881-df7e-9fad59fa7cb8
KXNCAAMBSPREAD-25NOV08OKLAGONZ-GONZ11,2025-11-08T17:24:01.849438Z,0.49,94,no,624a48d1-bb02-51e1-f2da-9da075bb5bc2
KXNCAAMBSPREAD-25NOV08OKLAGONZ-GONZ11,2025-11-08T16:23:30.922002Z,0.5,105,yes,a29a5131-f91e-4f73-99be-6ec7c97a38b1
KXNCAAMBSPREAD-25NOV08OKLAGONZ-GONZ11,2025-11-08T16:15:42.544119Z,0.5,2,yes,21223d4c-3f92-4a63-29e0-812f11bc86c1
KXNCAAMBSPREAD-25NOV08OKLAGONZ-GONZ11,2025-11-08T16:01:07.231383Z,0.49,9,yes,ef996117-6fc7-7074-3340-62d0b2b51acf
KXNCAAMBSPREAD-25NOV08OKLAGONZ-GONZ11,2025-11-08T15:53:28.241603Z,0.46,200,no,f6f24339-874c-6216-3c30-7d81d7a6b46d
KXNCAAMBSPREAD-25NOV08OKLAGONZ-GONZ11,2025-11-08T15:34:49.622545Z,0.48,44,no,d09e6bc0-4382-629f-6c84-4349ca040487
KXNCAAMBSPREAD-25NOV08OKLAGONZ-GONZ11,2025-11-08T08:31:38.176853Z,0.48,89,yes,d70cefb2-be92-7df9-dcc6-887abd31adff
KXNCAAMBSPREAD-25NOV08OKLAGONZ-GONZ11,2025-11-08T08:03:30.974362Z,0.48,40,yes,8af02a16-d426-7535-184e-73f6b67d8b4e
KXNCAAMBSPREAD-25NOV08OKLAGONZ-GONZ11,2025-11-08T07:47:44.415263Z,0.46,89,no,e93bf3d4-83c9-4647-549e-c050797926f9
KXNCAAMBSPREAD-25NOV08OKLAGONZ-GONZ11,2025-11-08T07:31:24.593896Z,0.48,26,yes,0b693e91-ad0c-5079-871c-c09093050688
KXNCAAMBSPREAD-25NOV08OKLAGONZ-GONZ11,2025-11-08T07:30:36.654821Z,0.47,51,yes,a3e70dc2-7848-49e1-3b51-4e34380b38d5
KXNCAAMBSPREAD-25NOV08OKLAGONZ-GONZ11,2025-11-08T05:08:53.807746Z,0.47,41,yes,b7a64573-fda1-6277-6611-87689f472181
KXNCAAMBSPREAD-25NOV08OKLAGONZ-GONZ11,2025-11-08T04:39:06.494265Z,0.47,51,yes,8c3f08a3-639e-523f-d8b9-ce1ed5ec25bf
KXNCAAMBSPREAD-25NOV08OKLAGONZ-GONZ11,2025-11-08T03:29:04.011775Z,0.48,24,yes,7b8c36cc-93b5-6107-5365-773af6a74692
