ticker,created_time,price,count,taker_side,trade_id
KXNCAAFSPREAD-25NOV08TXAMMIZZ-TXAM7,2025-11-09T00:02:42.776861Z,0.99,1044,no,5ee27a5a-8c25-6d5d-1b18-49607555d00d
KXNCAAFSPREAD-25NOV08TXAMMIZZ-TXAM7,2025-11-09T00:00:49.25501Z,0.99,121,no,201c2951-34f1-4865-d79c-bf5afec3a589
KXNCAAFSPREAD-25NOV08TXAMMIZZ-TXAM7,2025-11-08T23:59:52.826282Z,0.99,471,no,c7ef6b42-b34d-6959-9c32-99d63f8eae69
KXNCAAFSPREAD-25NOV08TXAMMIZZ-TXAM7,2025-11-08T23:59:29.243471Z,0.99,1708,no,85b44b1b-9385-5b11-4f63-3123a5ca1f01
KXNCAAFSPREAD-25NOV08TXAMMIZZ-TXAM7,2025-11-08T23:59:14.030952Z,0.99,19,no,33a8da70-6769-5ed9-8b49-abc741cec861
KXNCAAFSPREAD-25NOV08TXAMMIZZ-TXAM7,2025-11-08T23:58:47.095519Z,0.99,17,no,983f6198-b2f1-79a9-bae5-f06b13480f81
KXNCAAFSPREAD-25NOV08TXAMMIZZ-TXAM7,2025-11-08T23:22:23.338734Z,0.84,2,no,f8f1d4b2-ba69-644e-f0c0-712ddd0489c7
KXNCAAFSPREAD-25NOV08TXAMMIZZ-TXAM7,2025-11-08T23:08:03.821687Z,0.85,5,no,f16e99ab-0328-5f9b-bf05-3cfa192a8716
KXNCAAFSPREAD-25NOV08TXAMMIZZ-TXAM7,2025-11-08T23:08:03.821687Z,0.83,16,no,0955d53a-b7d0-5aa6-a6fd-47b1977f11e6
KXNCAAFSPREAD-25NOV08TXAMMIZZ-TXAM7,2025-11-08T22:53:56.340075Z,0.5,10,yes,c7ec57a5-efd4-6b2a-8a01-18afc7826d74
KXNCAAFSPREAD-25NOV08TXAMMIZZ-TXAM7,2025-11-08T22:53:15.041584Z,0.82,96,no,ed83d2ed-f86a-4f5d-de51-259c3e6f5fae
KXNCAAFSPREAD-25NOV08TXAMMIZZ-TXAM7,2025-11-08T22:53:15.041584Z,0.88,10,no,cb6f8706-0b19-4d97-cfaf-8bf537af2613
KXNCAAFSPREAD-25NOV08TXAMMIZZ-TXAM7,2025-11-08T22:51:26.325292Z,0.99,197,yes,c8091ebc-02d5-77ae-c083-d5d6fe8d80c9
KXNCAAFSPREAD-25NOV08TXAMMIZZ-TXAM7,2025-11-08T22:51:26.325292Z,0.99,1,yes,4151a75b-bda7-713b-cca2-6eca8d29e613
KXNCAAFSPREAD-25NOV08TXAMMIZZ-TXAM7,2025-11-08T22:51:26.325292Z,0.91,1000,yes,36f30918-9586-773c-c94b-0f1238bae7dd
KXNCAAFSPREAD-25NOV08TXAMMIZZ-TXAM7,2025-11-08T22:51:06.71692Z,0.97,49,yes,d97b40d7-9cd8-4eb0-a20c-516dbd4e0cb7
KXNCAAFSPREAD-25NOV08TXAMMIZZ-TXAM7,2025-11-08T22:51:06.71692Z,0.97,100,yes,aa7233f2-b0b0-45ec-bd25-87cd393e891d
KXNCAAFSPREAD-25NOV08TXAMMIZZ-TXAM7,2025-11-08T22:51:06.71692Z,0.98,200,yes,8be28d31-6ff5-4077-b95a-144a6d817e60
KXNCAAFSPREAD-25NOV08TXAMMIZZ-TXAM7,2025-11-08T22:51:06.71692Z,0.92,20,yes,4217d7da-c163-4275-987d-53d0f762a2f6
KXNCAAFSPREAD-25NOV08TXAMMIZZ-TXAM7,2025-11-08T22:51:06.71692Z,0.99,299,yes,2e6b88fa-46b3-4edb-b524-b65756fa4c1f
KXNCAAFSPREAD-25NOV08TXAMMIZZ-TXAM7,2025-11-08T22:45:00.651602Z,0.9,10,no,981fde51-eab8-42f2-b30c-a259999eba38
KXNCAAFSPREAD-25NOV08TXAMMIZZ-TXAM7,2025-11-08T22:43:55.011269Z,0.96,206,yes,7f2950e6-7ed4-4c38-ee91-39a2db88d2e2
KXNCAAFSPREAD-25NOV08TXAMMIZZ-TXAM7,2025-11-08T22:43:55.011269Z,0.94,100,yes,2602b958-2b16-4266-e6a2-49acc075e7ea
KXNCAAFSPREAD-25NOV08TXAMMIZZ-TXAM7,2025-11-08T22:43:55.011269Z,0.93,100,yes,1bce4842-d45c-4e2f-c384-6652498b9b5f
KXNCAAFSPREAD-25NOV08TXAMMIZZ-TXAM7,2025-11-08T22:43:55.011269Z,0.92,10,yes,05f4937f-7f82-46e3-f539-6c496e7b8301
KXNCAAFSPREAD-25NOV08TXAMMIZZ-TXAM7,2025-11-08T22:37:49.322862Z,0.78,25,no,37e196ac-01bc-6f8d-a825-f1250f88765d
KXNCAAFSPREAD-25NOV08TXAMMIZZ-TXAM7,2025-11-08T22:31:06.875158Z,0.76,593,no,bf6dd575-5cee-54f3-9b79-aff14efeb58d
KXNCAAFSPREAD-25NOV08TXAMMIZZ-TXAM7,2025-11-08T22:19:30.542671Z,0.79,10,no,0e3e6302-db5e-642f-dac8-a31377eb677f
KXNCAAFSPREAD-25NOV08TXAMMIZZ-TXAM7,2025-11-08T22:19:30.542671Z,0.78,146,no,05d75d84-6b8e-6559-e2bc-ca03dceb2f43
KXNCAAFSPREAD-25NOV08TXAMMIZZ-TXAM7,2025-11-08T22:13:59.933548Z,0.85,8,yes,f33b82de-e8c8-679e-1b01-ab5e08d1c8ad
KXNCAAFSPREAD-25NOV08TXAMMIZZ-TXAM7,2025-11-08T22:13:31.853985Z,0.76,60,no,db240812-43bd-4437-50c5-514af74fdb2e
KXNCAAFSPREAD-25NOV08TXAMMIZZ-TXAM7,2025-11-08T21:47:58.097635Z,0.54,879,yes,c2a85980-6ba8-77c2-c84f-3d0a00a57d61
KXNCAAFSPREAD-25NOV08TXAMMIZZ-TXAM7,2025-11-08T21:47:58.097635Z,0.53,18,yes,b00add5e-fc10-7104-ea7f-8a7cf828b122
KXNCAAFSPREAD-25NOV08TXAMMIZZ-TXAM7,2025-11-08T21:32:58.995978Z,0.71,8,yes,51e76162-4609-54ac-eae4-66d1543ab190
KXNCAAFSPREAD-25NOV08TXAMMIZZ-TXAM7,2025-11-08T21:31:58.610793Z,0.61,491,no,96cd8bbc-7fff-53d8-b15f-e7d3a19f0270
KXNCAAFSPREAD-25NOV08TXAMMIZZ-TXAM7,2025-11-08T21:29:16.173402Z,0.59,44,no,2c533bef-44a4-6218-74be-3097d9687317
KXNCAAFSPREAD-25NOV08TXAMMIZZ-TXAM7,2025-11-08T21:22:58.684923Z,0.59,10,no,1f9d9036-c7cd-5532-4393-12fefe38c626
KXNCAAFSPREAD-25NOV08TXAMMIZZ-TXAM7,2025-11-08T21:19:28.168155Z,0.56,32,no,4e4d795e-dbb1-4758-6d3c-037ae5472419
KXNCAAFSPREAD-25NOV08TXAMMIZZ-TXAM7,2025-11-08T21:18:47.42568Z,0.58,8,yes,beaa02d6-22b1-648c-d91f-b288cba039ae
KXNCAAFSPREAD-25NOV08TXAMMIZZ-TXAM7,2025-11-08T21:18:34.378127Z,0.58,25,yes,6a0c0d2b-9569-7d94-1d4b-f2869a294816
KXNCAAFSPREAD-25NOV08TXAMMIZZ-TXAM7,2025-11-08T21:11:57.529096Z,0.44,8,no,93ce8566-1d2f-6eaa-f69b-5e7859659c75
KXNCAAFSPREAD-25NOV08TXAMMIZZ-TXAM7,2025-11-08T21:08:48.029149Z,0.52,18,yes,ec03921a-f49c-53fa-f8e5-35c48d3416ec
KXNCAAFSPREAD-25NOV08TXAMMIZZ-TXAM7,2025-11-08T21:08:39.942821Z,0.48,80,yes,d4e65ace-f51c-720c-4cac-92f67b937fdf
KXNCAAFSPREAD-25NOV08TXAMMIZZ-TXAM7,2025-11-08T21:08:39.942821Z,0.5,558,yes,a5d2810a-ee38-771c-7d50-ff2ec5b117bc
KXNCAAFSPREAD-25NOV08TXAMMIZZ-TXAM7,2025-11-08T21:08:14.620584Z,0.43,10,yes,e98c62f5-94ce-6465-4c6c-54b8e01e2df2
KXNCAAFSPREAD-25NOV08TXAMMIZZ-TXAM7,2025-11-08T21:08:14.620584Z,0.49,80,yes,84b43d26-aaff-6b5e-582d-a5416e82c0d0
KXNCAAFSPREAD-25NOV08TXAMMIZZ-TXAM7,2025-11-08T21:08:14.620584Z,0.44,10,yes,23d22a5b-606c-6ed9-456e-ac01a677033e
KXNCAAFSPREAD-25NOV08TXAMMIZZ-TXAM7,2025-11-08T21:06:07.140215Z,0.37,1,no,3c45f3d5-497f-4828-49fa-fd2fc26f151e
KXNCAAFSPREAD-25NOV08TXAMMIZZ-TXAM7,2025-11-08T21:06:00.214769Z,0.37,57,no,bc4a7d4a-d223-5f48-052e-2587d759378e
KXNCAAFSPREAD-25NOV08TXAMMIZZ-TXAM7,2025-11-08T21:03:58.42755Z,0.44,50,yes,bb92f61a-6c7f-5273-3559-0cd31718c8a8
KXNCAAFSPREAD-25NOV08TXAMMIZZ-TXAM7,2025-11-08T21:00:51.067698Z,0.43,12,no,e109b494-8104-735e-b9f0-5784f7920c03
KXNCAAFSPREAD-25NOV08TXAMMIZZ-TXAM7,2025-11-08T20:59:19.829005Z,0.51,151,yes,d305eab8-d15d-51c5-54c1-84e753cc3526
KXNCAAFSPREAD-25NOV08TXAMMIZZ-TXAM7,2025-11-08T20:51:26.146945Z,0.28,34,no,b4c3e748-5049-5857-8afa-6265c0116bd2
KXNCAAFSPREAD-25NOV08TXAMMIZZ-TXAM7,2025-11-08T20:50:20.865362Z,0.45,13,no,f165c6d3-17b4-470d-312c-9fbc34d85440
KXNCAAFSPREAD-25NOV08TXAMMIZZ-TXAM7,2025-11-08T20:49:08.876145Z,0.5,776,yes,d1b9e215-d3da-6980-084a-34362629a49b
KXNCAAFSPREAD-25NOV08TXAMMIZZ-TXAM7,2025-11-08T20:49:01.802405Z,0.5,48,yes,24d33c48-db86-482c-0bf2-2ebca4c17b4f
KXNCAAFSPREAD-25NOV08TXAMMIZZ-TXAM7,2025-11-08T20:48:00.538586Z,0.5,1,yes,cb28ebf9-6a06-5224-551c-808da7e1b534
KXNCAAFSPREAD-25NOV08TXAMMIZZ-TXAM7,2025-11-08T20:48:00.538586Z,0.52,32,yes,6f6e7b60-90ec-5a5a-763d-2fa6d25f5774
KXNCAAFSPREAD-25NOV08TXAMMIZZ-TXAM7,2025-11-08T20:46:36.353569Z,0.52,25,no,7c1a9696-433e-7141-2834-aa1d8aa9451d
KXNCAAFSPREAD-25NOV08TXAMMIZZ-TXAM7,2025-11-08T20:46:29.850104Z,0.52,75,no,97944de5-61a6-4bd1-9241-99c4e5867c59
KXNCAAFSPREAD-25NOV08TXAMMIZZ-TXAM7,2025-11-08T20:46:29.130689Z,0.53,14,yes,5e091ecf-346c-58fd-388f-86bc5b31bce7
KXNCAAFSPREAD-25NOV08TXAMMIZZ-TXAM7,2025-11-08T20:46:22.342022Z,0.53,32,yes,f11ba7f1-6434-5419-adce-3e175700436b
KXNCAAFSPREAD-25NOV08TXAMMIZZ-TXAM7,2025-11-08T20:46:13.517264Z,0.43,851,no,9c083879-5158-7768-73c0-0e80f3b8fe02
KXNCAAFSPREAD-25NOV08TXAMMIZZ-TXAM7,2025-11-08T20:45:37.191467Z,0.29,1,no,5cf0d133-207e-626b-3e55-1e53bce463fa
KXNCAAFSPREAD-25NOV08TXAMMIZZ-TXAM7,2025-11-08T20:45:30.455263Z,0.51,307,yes,b6c526f9-d313-7475-95da-d1fc82419053
KXNCAAFSPREAD-25NOV08TXAMMIZZ-TXAM7,2025-11-08T20:45:09.812995Z,0.51,331,yes,250e2b8b-e27c-7558-ae7d-9dd9b61c279e
KXNCAAFSPREAD-25NOV08TXAMMIZZ-TXAM7,2025-11-08T20:44:34.76715Z,0.43,20,no,b94cd5fb-6892-5c77-179b-9de113a48592
KXNCAAFSPREAD-25NOV08TXAMMIZZ-TXAM7,2025-11-08T20:44:27.552877Z,0.43,3,no,b441f30d-2dee-4d7f-0743-783c6860e94a
KXNCAAFSPREAD-25NOV08TXAMMIZZ-TXAM7,2025-11-08T20:44:25.197845Z,0.51,47,yes,97399ecd-6f29-4b5f-9642-9af51c84a697
KXNCAAFSPREAD-25NOV08TXAMMIZZ-TXAM7,2025-11-08T20:43:35.951557Z,0.51,189,yes,a9b22dd1-87c5-6c37-7baf-f029a81389ff
KXNCAAFSPREAD-25NOV08TXAMMIZZ-TXAM7,2025-11-08T20:41:47.329874Z,0.42,25,no,070ad643-0f6d-7344-a478-6a9118621fca
KXNCAAFSPREAD-25NOV08TXAMMIZZ-TXAM7,2025-11-08T20:41:31.884543Z,0.42,33,no,7709bb1e-6d5d-7254-4ec1-065a2d4a6026
KXNCAAFSPREAD-25NOV08TXAMMIZZ-TXAM7,2025-11-08T20:41:27.035756Z,0.51,3,yes,8ad6d6a6-7609-519b-ec3e-3303f2bc3c77
KXNCAAFSPREAD-25NOV08TXAMMIZZ-TXAM7,2025-11-08T20:41:08.398139Z,0.51,47,yes,b3749f4d-2f9d-7923-4476-51e14d01e47b
KXNCAAFSPREAD-25NOV08TXAMMIZZ-TXAM7,2025-11-08T20:40:52.54343Z,0.51,278,yes,42f73d90-966d-6c9f-49e8-349ce93be387
KXNCAAFSPREAD-25NOV08TXAMMIZZ-TXAM7,2025-11-08T20:40:19.261364Z,0.51,3,yes,d0d44b95-40ad-4003-4c7c-0ada9d60040b
KXNCAAFSPREAD-25NOV08TXAMMIZZ-TXAM7,2025-11-08T20:40:13.348031Z,0.51,19,yes,e7b8888b-c369-54cb-ef1a-b5222513e387
KXNCAAFSPREAD-25NOV08TXAMMIZZ-TXAM7,2025-11-08T20:39:48.144312Z,0.51,34,yes,e6a46a0f-f901-6ecb-8eaa-3ba41dd67c5f
KXNCAAFSPREAD-25NOV08TXAMMIZZ-TXAM7,2025-11-08T20:38:48.14589Z,0.51,947,yes,c8c1404b-ea21-48c7-e501-9a510cfc9443
KXNCAAFSPREAD-25NOV08TXAMMIZZ-TXAM7,2025-11-08T20:38:00.208965Z,0.43,3,no,3954a4de-29e8-7f39-e7b1-9cdd5b81c3bf
KXNCAAFSPREAD-25NOV08TXAMMIZZ-TXAM7,2025-11-08T20:36:38.757106Z,0.52,14,yes,d8a37638-81f7-5019-49e6-67db42b9d05f
KXNCAAFSPREAD-25NOV08TXAMMIZZ-TXAM7,2025-11-08T20:35:53.027517Z,0.43,425,no,25736591-505c-65c5-cb83-b4cf1c774d37
KXNCAAFSPREAD-25NOV08TXAMMIZZ-TXAM7,2025-11-08T20:32:06.640947Z,0.63,41,yes,c7dd00c2-60a6-7a48-4817-850e44dc68c2
KXNCAAFSPREAD-25NOV08TXAMMIZZ-TXAM7,2025-11-08T20:32:06.640947Z,0.64,112,yes,0becf086-e2ca-776f-41e2-37bf5bb96ac5
KXNCAAFSPREAD-25NOV08TXAMMIZZ-TXAM7,2025-11-08T20:31:45.036833Z,0.45,21,yes,169ee066-7a56-5d94-9fa5-9cb2058fac9e
KXNCAAFSPREAD-25NOV08TXAMMIZZ-TXAM7,2025-11-08T20:30:14.538091Z,0.43,110,no,e487b0e2-7b4b-7633-f9ba-f105e1813ed6
KXNCAAFSPREAD-25NOV08TXAMMIZZ-TXAM7,2025-11-08T20:30:08.923322Z,0.44,1,no,09398346-09dc-7943-7582-6650f62d1fd7
KXNCAAFSPREAD-25NOV08TXAMMIZZ-TXAM7,2025-11-08T20:26:03.173493Z,0.44,5120,no,b87cc077-f12c-7dea-a58d-771fa939f50f
KXNCAAFSPREAD-25NOV08TXAMMIZZ-TXAM7,2025-11-08T20:26:03.173493Z,0.43,1713,no,8996f4e5-792a-76d5-ac62-0cf0b535ccf4
KXNCAAFSPREAD-25NOV08TXAMMIZZ-TXAM7,2025-11-08T20:26:03.173493Z,0.44,67,no,1d5c49db-5702-7deb-9275-af0db9a3168c
KXNCAAFSPREAD-25NOV08TXAMMIZZ-TXAM7,2025-11-08T20:23:51.885512Z,0.44,100,no,288b6c1e-5730-6f9e-f306-f408272ae42e
KXNCAAFSPREAD-25NOV08TXAMMIZZ-TXAM7,2025-11-08T20:23:33.847708Z,0.44,17,no,578ab1de-5d1c-5e1a-5fa8-96385447cc8e
KXNCAAFSPREAD-25NOV08TXAMMIZZ-TXAM7,2025-11-08T20:21:15.169158Z,0.44,17,no,dbc13e0f-ee1f-6b01-508d-cd39169a4d9c
KXNCAAFSPREAD-25NOV08TXAMMIZZ-TXAM7,2025-11-08T20:18:46.841511Z,0.44,17,no,0ed6890d-05b3-5b81-f68c-b253e310f4a0
KXNCAAFSPREAD-25NOV08TXAMMIZZ-TXAM7,2025-11-08T20:16:26.157348Z,0.44,798,no,a45baa9d-1a48-4fa7-8cd8-d720e97524d0
KXNCAAFSPREAD-25NOV08TXAMMIZZ-TXAM7,2025-11-08T20:15:52.679475Z,0.45,21,yes,dc426690-cfcf-428c-5230-3e1d68c3caa8
KXNCAAFSPREAD-25NOV08TXAMMIZZ-TXAM7,2025-11-08T20:15:41.403217Z,0.45,1044,yes,ab9f3da0-1513-447c-912a-4c7ce1ded76c
KXNCAAFSPREAD-25NOV08TXAMMIZZ-TXAM7,2025-11-08T20:12:11.248119Z,0.44,43,no,4365d922-7077-6976-2565-206bc1c5715e
KXNCAAFSPREAD-25NOV08TXAMMIZZ-TXAM7,2025-11-08T20:10:31.239162Z,0.45,30,yes,a86be5f2-49df-42c8-acd3-cdadf7a421f0
KXNCAAFSPREAD-25NOV08TXAMMIZZ-TXAM7,2025-11-08T20:08:51.49281Z,0.44,426,yes,6cedf630-6d47-7ae6-45f7-1042260b82a6
KXNCAAFSPREAD-25NOV08TXAMMIZZ-TXAM7,2025-11-08T20:08:51.49281Z,0.44,1282,yes,088a7ad5-9ba1-7b66-6519-07b4a180687e
KXNCAAFSPREAD-25NOV08TXAMMIZZ-TXAM7,2025-11-08T20:08:26.010023Z,0.43,170,no,94665efa-af72-568e-053c-319b82f049e4
KXNCAAFSPREAD-25NOV08TXAMMIZZ-TXAM7,2025-11-08T20:08:15.033399Z,0.43,8,no,b2e2f6bc-c486-70a6-c4f1-534ea8a17bf8
KXNCAAFSPREAD-25NOV08TXAMMIZZ-TXAM7,2025-11-08T20:02:40.793351Z,0.44,109,yes,e6757352-1059-5ffa-7f9c-8d78406e8076
KXNCAAFSPREAD-25NOV08TXAMMIZZ-TXAM7,2025-11-08T20:01:07.739502Z,0.43,17,no,8a74c0c1-3a16-46c6-aad1-4fa3b418dff0
KXNCAAFSPREAD-25NOV08TXAMMIZZ-TXAM7,2025-11-08T19:59:19.231031Z,0.43,73,no,437dacff-6d2a-6dca-3b32-52104b820550
KXNCAAFSPREAD-25NOV08TXAMMIZZ-TXAM7,2025-11-08T19:58:25.844941Z,0.44,61,yes,7b3bcf47-0a65-6732-c50e-d11bdad70a26
KXNCAAFSPREAD-25NOV08TXAMMIZZ-TXAM7,2025-11-08T19:55:06.503752Z,0.43,127,no,b82a9ed6-c882-4e2a-2c48-4e4e88ca8610
KXNCAAFSPREAD-25NOV08TXAMMIZZ-TXAM7,2025-11-08T19:54:08.439105Z,0.43,25,no,85cd311e-4baa-5fa2-1682-26b44154e6c4
KXNCAAFSPREAD-25NOV08TXAMMIZZ-TXAM7,2025-11-08T19:49:06.603099Z,0.43,10,no,d4b8800a-bfca-4352-137d-264c912ef668
KXNCAAFSPREAD-25NOV08TXAMMIZZ-TXAM7,2025-11-08T19:46:30.516359Z,0.44,54,yes,965a5435-9729-60ae-d4ca-e30abcfc626a
KXNCAAFSPREAD-25NOV08TXAMMIZZ-TXAM7,2025-11-08T19:43:04.066603Z,0.43,24,no,f2d3fb11-c2fa-696a-f5ba-b2203b6ca868
KXNCAAFSPREAD-25NOV08TXAMMIZZ-TXAM7,2025-11-08T19:40:34.45294Z,0.44,253,yes,6698d263-5fc5-758a-193c-c2640899b402
KXNCAAFSPREAD-25NOV08TXAMMIZZ-TXAM7,2025-11-08T19:40:21.218254Z,0.44,218,yes,523363f5-7ff9-5a22-467f-714072299ff6
KXNCAAFSPREAD-25NOV08TXAMMIZZ-TXAM7,2025-11-08T19:39:49.791176Z,0.43,170,no,0315e663-c9da-746e-0902-54a444120aa8
KXNCAAFSPREAD-25NOV08TXAMMIZZ-TXAM7,2025-11-08T19:39:47.540951Z,0.44,44,yes,70c6163b-1579-685a-fd20-4cfb2d6ad37e
KXNCAAFSPREAD-25NOV08TXAMMIZZ-TXAM7,2025-11-08T19:39:23.045899Z,0.43,340,no,cddb322a-0936-4b42-88b4-82f5c320b578
KXNCAAFSPREAD-25NOV08TXAMMIZZ-TXAM7,2025-11-08T19:34:43.838011Z,0.42,16,no,81473cb4-36bc-5f3e-f638-00ec5e87efb1
KXNCAAFSPREAD-25NOV08TXAMMIZZ-TXAM7,2025-11-08T19:32:01.469894Z,0.43,20,no,6d78e6d4-09e5-741a-575a-7a9ed456132f
KXNCAAFSPREAD-25NOV08TXAMMIZZ-TXAM7,2025-11-08T19:32:01.469894Z,0.42,6,no,34572985-49f0-7186-422d-5e92f0c0ef49
KXNCAAFSPREAD-25NOV08TXAMMIZZ-TXAM7,2025-11-08T19:21:47.58863Z,0.44,39,yes,679a4856-fea9-7b56-6cc4-b2320205080a
KXNCAAFSPREAD-25NOV08TXAMMIZZ-TXAM7,2025-11-08T19:19:06.41323Z,0.44,40,yes,3c560075-bc1d-7eae-bbfd-4bd0e124478a
KXNCAAFSPREAD-25NOV08TXAMMIZZ-TXAM7,2025-11-08T19:17:40.500332Z,0.44,87,yes,a84feb34-8561-6ef2-25bd-f50d45a90e72
KXNCAAFSPREAD-25NOV08TXAMMIZZ-TXAM7,2025-11-08T19:13:05.752324Z,0.42,1,no,c9c7655b-e480-4a9e-6aac-103db38276ad
KXNCAAFSPREAD-25NOV08TXAMMIZZ-TXAM7,2025-11-08T19:11:59.333856Z,0.42,255,no,a57ae281-46dc-62a6-e633-de1147c76389
KXNCAAFSPREAD-25NOV08TXAMMIZZ-TXAM7,2025-11-08T19:06:35.853308Z,0.42,16,no,0d4f313f-c1e8-7976-cdea-90b82d007295
KXNCAAFSPREAD-25NOV08TXAMMIZZ-TXAM7,2025-11-08T18:58:44.007795Z,0.44,10,yes,564e5c07-972d-6e32-eb02-d76276c3f68e
KXNCAAFSPREAD-25NOV08TXAMMIZZ-TXAM7,2025-11-08T18:54:54.583818Z,0.44,218,yes,2b5754cc-14a1-43be-b84b-172b9a1beb12
KXNCAAFSPREAD-25NOV08TXAMMIZZ-TXAM7,2025-11-08T18:48:18.618915Z,0.44,1,yes,c3b43e26-77a1-650a-06fa-62fe8be55406
KXNCAAFSPREAD-25NOV08TXAMMIZZ-TXAM7,2025-11-08T18:42:39.970466Z,0.44,41,yes,4087b95b-0789-7dce-7a44-fcc97cb88dde
KXNCAAFSPREAD-25NOV08TXAMMIZZ-TXAM7,2025-11-08T18:42:28.490764Z,0.44,8,yes,ec1e9b84-5e91-63de-7edb-5f3825dab4e2
KXNCAAFSPREAD-25NOV08TXAMMIZZ-TXAM7,2025-11-08T18:37:31.435914Z,0.42,8,no,d522c9d6-9dcc-4622-8814-747c5425d715
KXNCAAFSPREAD-25NOV08TXAMMIZZ-TXAM7,2025-11-08T18:34:34.724993Z,0.42,416,no,16e4843e-f3ac-55f2-859c-b78d1153d351
KXNCAAFSPREAD-25NOV08TXAMMIZZ-TXAM7,2025-11-08T18:27:31.841555Z,0.42,25,no,ea670b8d-702c-579e-b82a-6ff6362d1f2d
KXNCAAFSPREAD-25NOV08TXAMMIZZ-TXAM7,2025-11-08T18:25:48.968378Z,0.44,17,yes,d7abffaf-63c9-4726-2219-8d75ffa86c1a
KXNCAAFSPREAD-25NOV08TXAMMIZZ-TXAM7,2025-11-08T18:24:01.521344Z,0.44,21,yes,fdb3a33b-14b5-6b26-3039-2a123f34dfea
KXNCAAFSPREAD-25NOV08TXAMMIZZ-TXAM7,2025-11-08T18:22:41.567467Z,0.44,21,yes,b48e5cfa-2269-5b36-54b3-aaf6a53be462
KXNCAAFSPREAD-25NOV08TXAMMIZZ-TXAM7,2025-11-08T18:17:18.946262Z,0.44,21,yes,502ea951-0c7d-7c2e-d692-018bf23c4b96
KXNCAAFSPREAD-25NOV08TXAMMIZZ-TXAM7,2025-11-08T18:09:01.838321Z,0.44,10,yes,09b0b3a9-765d-74d2-bb0a-e6e186e5dcd2
KXNCAAFSPREAD-25NOV08TXAMMIZZ-TXAM7,2025-11-08T17:44:54.522188Z,0.42,8,no,5683e671-da18-723a-5693-e6e548e9d20d
KXNCAAFSPREAD-25NOV08TXAMMIZZ-TXAM7,2025-11-08T17:44:16.267061Z,0.42,41,no,ac0c8bb9-2100-63a2-fd56-0ed979b41c99
KXNCAAFSPREAD-25NOV08TXAMMIZZ-TXAM7,2025-11-08T17:27:12.300073Z,0.42,8,no,57f522aa-7a50-4652-2cb8-b96ae8806d39
KXNCAAFSPREAD-25NOV08TXAMMIZZ-TXAM7,2025-11-08T16:56:01.492481Z,0.45,106,yes,a1fe1c85-db1b-77f8-bd29-bbf147b71480
KXNCAAFSPREAD-25NOV08TXAMMIZZ-TXAM7,2025-11-08T16:52:10.563761Z,0.45,8,yes,ce6e0af0-afe7-4608-523c-cc1b6c2ebd78
KXNCAAFSPREAD-25NOV08TXAMMIZZ-TXAM7,2025-11-08T16:43:23.964116Z,0.44,476,no,9da5a828-c690-7a94-d515-e47b09d062ad
KXNCAAFSPREAD-25NOV08TXAMMIZZ-TXAM7,2025-11-08T16:41:52.228412Z,0.44,5,no,fb4d372f-e7e8-5281-a6f4-5ada0212cbac
KXNCAAFSPREAD-25NOV08TXAMMIZZ-TXAM7,2025-11-08T16:33:52.869701Z,0.45,42,yes,d99a4cc7-affb-4e70-2cc9-c7d364f6d224
KXNCAAFSPREAD-25NOV08TXAMMIZZ-TXAM7,2025-11-08T16:32:21.681894Z,0.44,129,no,0ff05e9d-5440-5c21-a436-4c629d97fb78
KXNCAAFSPREAD-25NOV08TXAMMIZZ-TXAM7,2025-11-08T16:24:49.229943Z,0.44,60,no,64ad10dd-13d4-660d-e1ca-e9d8c508ce0c
KXNCAAFSPREAD-25NOV08TXAMMIZZ-TXAM7,2025-11-08T16:24:18.860136Z,0.45,21,yes,d3a5d16f-4bfb-5c80-d79f-0c83ec8dec58
KXNCAAFSPREAD-25NOV08TXAMMIZZ-TXAM7,2025-11-08T16:14:45.706292Z,0.44,25,no,2e058a58-934e-6916-54b9-298c9464da01
KXNCAAFSPREAD-25NOV08TXAMMIZZ-TXAM7,2025-11-08T16:14:32.869766Z,0.44,523,no,f41777ca-71b6-61e2-fb53-6435a1d5e651
KXNCAAFSPREAD-25NOV08TXAMMIZZ-TXAM7,2025-11-08T16:13:26.346452Z,0.45,6,yes,3e1a6689-e8b7-4244-77fa-6c260493860c
KXNCAAFSPREAD-25NOV08TXAMMIZZ-TXAM7,2025-11-08T16:12:58.252421Z,0.44,17,no,d5d2ed3f-0b0e-513e-8559-343fd0da2c75
KXNCAAFSPREAD-25NOV08TXAMMIZZ-TXAM7,2025-11-08T16:12:02.628362Z,0.44,129,no,2ce9d32a-e644-6b10-7313-12fdc6d7145e
KXNCAAFSPREAD-25NOV08TXAMMIZZ-TXAM7,2025-11-08T16:09:47.484023Z,0.45,10,yes,823f33cd-3a7b-4e88-b88f-2380a71a7fcc
KXNCAAFSPREAD-25NOV08TXAMMIZZ-TXAM7,2025-11-08T16:07:02.194682Z,0.45,106,yes,4ed37302-bee3-7774-8957-55a4f003d92c
KXNCAAFSPREAD-25NOV08TXAMMIZZ-TXAM7,2025-11-08T15:55:40.749279Z,0.45,56,yes,454244fa-293b-72f8-2eda-e606a1483418
KXNCAAFSPREAD-25NOV08TXAMMIZZ-TXAM7,2025-11-08T15:53:09.556082Z,0.44,17,no,fc61c9d0-e290-4e5c-c21e-4e550f50dfba
KXNCAAFSPREAD-25NOV08TXAMMIZZ-TXAM7,2025-11-08T15:48:52.814792Z,0.45,641,yes,5b4d5747-d673-4f28-cb28-e2007c867a04
KXNCAAFSPREAD-25NOV08TXAMMIZZ-TXAM7,2025-11-08T15:47:06.20605Z,0.45,106,yes,5634ff1e-7c97-63e0-8394-732c5a6dda9c
KXNCAAFSPREAD-25NOV08TXAMMIZZ-TXAM7,2025-11-08T15:42:32.588353Z,0.44,17,no,9e3caaa9-e6a8-6934-24f6-98ac13a59ece
KXNCAAFSPREAD-25NOV08TXAMMIZZ-TXAM7,2025-11-08T15:23:36.465635Z,0.46,104,yes,728e00c9-27b0-626a-8a67-8744c3fb33d0
KXNCAAFSPREAD-25NOV08TXAMMIZZ-TXAM7,2025-11-08T15:06:28.584311Z,0.44,3,no,a0e54d05-e915-526d-026e-ca53adb93675
KXNCAAFSPREAD-25NOV08TXAMMIZZ-TXAM7,2025-11-08T14:52:57.498417Z,0.44,34,no,8a698b18-4db5-4e04-8bac-1c9c449853b5
KXNCAAFSPREAD-25NOV08TXAMMIZZ-TXAM7,2025-11-08T14:51:43.753674Z,0.44,50,no,bbda27a5-3d95-44bc-a3db-ea40b44dd239
KXNCAAFSPREAD-25NOV08TXAMMIZZ-TXAM7,2025-11-08T14:49:05.52327Z,0.44,17,no,af5989b2-9815-54a4-2b28-8012c54bfcc9
KXNCAAFSPREAD-25NOV08TXAMMIZZ-TXAM7,2025-11-08T14:47:01.923686Z,0.46,13,yes,de5a9b2a-21a4-5096-404e-681ec8576400
KXNCAAFSPREAD-25NOV08TXAMMIZZ-TXAM7,2025-11-08T14:47:01.923686Z,0.46,7,yes,48eceeda-c997-5385-7880-5802f1b29eec
KXNCAAFSPREAD-25NOV08TXAMMIZZ-TXAM7,2025-11-08T14:46:58.407341Z,0.45,8,no,544ce41c-f061-5df0-60b7-27861bb08bad
KXNCAAFSPREAD-25NOV08TXAMMIZZ-TXAM7,2025-11-08T14:45:23.072778Z,0.46,10,yes,6c690b1f-f2d7-6fd9-ea5f-0a494376ea34
KXNCAAFSPREAD-25NOV08TXAMMIZZ-TXAM7,2025-11-08T14:44:03.250194Z,0.46,13,yes,74eb82e6-9d97-53b9-6bfd-61a67e8bcabc
KXNCAAFSPREAD-25NOV08TXAMMIZZ-TXAM7,2025-11-08T14:26:57.279625Z,0.46,314,yes,ce383732-968f-5aad-b9a3-3a0687b1a5a8
KXNCAAFSPREAD-25NOV08TXAMMIZZ-TXAM7,2025-11-08T14:24:07.346586Z,0.44,86,no,cda4de5e-9f11-5e77-1cb1-d9325d0b1597
KXNCAAFSPREAD-25NOV08TXAMMIZZ-TXAM7,2025-11-08T14:22:27.535755Z,0.44,34,no,e4371b43-298d-7d2f-6784-70e4815ae137
KXNCAAFSPREAD-25NOV08TXAMMIZZ-TXAM7,2025-11-08T14:18:03.486092Z,0.45,8,no,909bb9d2-3bed-5f0a-9e79-4b0ff6151a2a
KXNCAAFSPREAD-25NOV08TXAMMIZZ-TXAM7,2025-11-08T14:07:47.300612Z,0.44,43,no,99a5f34a-71e1-5ba3-722c-3217b6ba611f
KXNCAAFSPREAD-25NOV08TXAMMIZZ-TXAM7,2025-11-08T13:45:10.435073Z,0.44,25,no,39347424-f42d-6ea7-547d-4cffd86333cd
KXNCAAFSPREAD-25NOV08TXAMMIZZ-TXAM7,2025-11-08T13:44:13.624589Z,0.46,52,yes,f5cd004c-d057-7be9-67b2-a17cf472b660
KXNCAAFSPREAD-25NOV08TXAMMIZZ-TXAM7,2025-11-08T13:33:02.430367Z,0.44,21,no,22939f5b-a9d8-6ec0-f969-628380c58143
KXNCAAFSPREAD-25NOV08TXAMMIZZ-TXAM7,2025-11-08T12:37:32.478861Z,0.44,69,no,9afcab4d-4bd6-6cc8-6bcb-1f7cedf513fa
KXNCAAFSPREAD-25NOV08TXAMMIZZ-TXAM7,2025-11-08T11:55:10.966598Z,0.44,60,no,36cb0e2f-6d7a-63e0-5b7b-3c609a7c2fae
KXNCAAFSPREAD-25NOV08TXAMMIZZ-TXAM7,2025-11-08T10:51:43.35971Z,0.45,8,no,604a90af-b58e-472a-ef7f-172fcde87270
KXNCAAFSPREAD-25NOV08TXAMMIZZ-TXAM7,2025-11-08T10:39:08.071263Z,0.46,104,yes,e355ebbb-f54b-632d-9c1e-a8d25f9de4f0
KXNCAAFSPREAD-25NOV08TXAMMIZZ-TXAM7,2025-11-08T10:38:15.067425Z,0.44,8,no,bbf9ce7e-a02a-7eef-798b-27512a5f58ce
KXNCAAFSPREAD-25NOV08TXAMMIZZ-TXAM7,2025-11-08T07:05:42.37041Z,0.46,104,yes,dcfbba4e-bd20-6ad3-16e8-db19814a8e39
KXNCAAFSPREAD-25NOV08TXAMMIZZ-TXAM7,2025-11-08T06:57:35.039305Z,0.46,10,yes,3836c551-ef30-5e33-1eba-b669afe97d99
KXNCAAFSPREAD-25NOV08TXAMMIZZ-TXAM7,2025-11-08T06:35:31.675052Z,0.46,23,yes,496dae1f-d920-7157-2ce2-5dee1def316d
KXNCAAFSPREAD-25NOV08TXAMMIZZ-TXAM7,2025-11-08T06:20:55.723468Z,0.46,3,yes,e4531f29-5bfa-40d9-7953-39b445dcf498
KXNCAAFSPREAD-25NOV08TXAMMIZZ-TXAM7,2025-11-08T06:20:55.723468Z,0.46,206,yes,1244b21b-f61c-413f-4708-be9aa64fd86d
KXNCAAFSPREAD-25NOV08TXAMMIZZ-TXAM7,2025-11-08T06:14:31.640526Z,0.44,51,no,dfccbb69-cf27-595b-2510-fa22a36e502a
KXNCAAFSPREAD-25NOV08TXAMMIZZ-TXAM7,2025-11-08T06:04:32.085285Z,0.46,2,yes,ca670bfe-a19a-4f85-a945-7e3409e081d0
KXNCAAFSPREAD-25NOV08TXAMMIZZ-TXAM7,2025-11-08T06:00:18.545201Z,0.46,314,yes,6e5215a0-7262-594d-c37b-aa385fa459d0
KXNCAAFSPREAD-25NOV08TXAMMIZZ-TXAM7,2025-11-08T05:58:59.042302Z,0.44,259,no,7924eeb2-b5b0-642d-5d36-1a16c1dcb900
KXNCAAFSPREAD-25NOV08TXAMMIZZ-TXAM7,2025-11-08T05:47:32.039822Z,0.43,303,no,1f65cad6-2adc-7679-319b-6445553d7bca
KXNCAAFSPREAD-25NOV08TXAMMIZZ-TXAM7,2025-11-08T05:40:45.793545Z,0.46,60,yes,207fd0a7-3c12-4821-2fc8-9621c371e4e0
KXNCAAFSPREAD-25NOV08TXAMMIZZ-TXAM7,2025-11-08T05:08:29.131271Z,0.46,209,yes,3123905f-377e-6d21-3969-885a466d9318
KXNCAAFSPREAD-25NOV08TXAMMIZZ-TXAM7,2025-11-08T04:42:12.612789Z,0.46,21,yes,bdd0e3ed-723e-4019-0eb1-b8451f231000
KXNCAAFSPREAD-25NOV08TXAMMIZZ-TXAM7,2025-11-08T04:42:12.612789Z,0.45,32,yes,019f8ea3-8697-4677-2fe1-b5efaf8d27ac
KXNCAAFSPREAD-25NOV08TXAMMIZZ-TXAM7,2025-11-08T03:57:44.578706Z,0.43,34,no,a9a338b4-47cc-6e16-d154-047a3a911aa0
KXNCAAFSPREAD-25NOV08TXAMMIZZ-TXAM7,2025-11-08T03:53:45.194413Z,0.45,4,yes,03217fa2-f5a3-67f7-9663-9c7a761066bc
KXNCAAFSPREAD-25NOV08TXAMMIZZ-TXAM7,2025-11-08T03:53:00.799463Z,0.43,110,no,d800c960-9b6d-679d-9064-1116ef106156
KXNCAAFSPREAD-25NOV08TXAMMIZZ-TXAM7,2025-11-08T03:04:26.130244Z,0.44,173,no,45b93e79-2520-5058-3bb4-6025c8457801
KXNCAAFSPREAD-25NOV08TXAMMIZZ-TXAM7,2025-11-08T02:15:31.235083Z,0.44,25,no,0a9a8987-6e78-6e78-5757-582cbffb7751
KXNCAAFSPREAD-25NOV08TXAMMIZZ-TXAM7,2025-11-07T22:53:58.807675Z,0.44,10,no,f1b88348-ae08-6a88-75ef-34c638a02c39
KXNCAAFSPREAD-25NOV08TXAMMIZZ-TXAM7,2025-11-07T22:43:48.659665Z,0.44,43,no,fdf7fc1b-ba00-4304-6344-ff5afd3cede9
KXNCAAFSPREAD-25NOV08TXAMMIZZ-TXAM7,2025-11-07T22:07:53.476648Z,0.46,41,yes,8e895c46-99fe-6b39-dfc8-6f73c4355214
KXNCAAFSPREAD-25NOV08TXAMMIZZ-TXAM7,2025-11-07T21:06:51.417652Z,0.43,17,no,1e8b047d-e056-665a-df18-9471a416529e
KXNCAAFSPREAD-25NOV08TXAMMIZZ-TXAM7,2025-11-07T20:59:35.332898Z,0.43,76,no,6019f976-5692-796a-3689-ef11bfaf217a
