ticker,created_time,price,count,taker_side,trade_id
KXNCAAFSPREAD-25NOV08LSUALA-ALA10,2025-11-09T04:05:28.356529Z,0.99,54,no,11d01835-083e-5a19-2439-923e21ec72b0
KXNCAAFSPREAD-25NOV08LSUALA-ALA10,2025-11-09T04:04:31.568113Z,0.99,28,no,0e02abfa-3636-5895-9c04-f77348bfe5f8
KXNCAAFSPREAD-25NOV08LSUALA-ALA10,2025-11-09T04:04:31.312932Z,0.99,948,no,29f43b7d-7ef2-4bdd-e1d9-a1697c06db90
KXNCAAFSPREAD-25NOV08LSUALA-ALA10,2025-11-09T04:03:48.023373Z,0.99,59,no,6f830e77-0e62-69a1-880b-e2e8d79ddfbc
KXNCAAFSPREAD-25NOV08LSUALA-ALA10,2025-11-09T04:03:25.134956Z,0.99,53,no,1d840f9a-b046-65e5-fa8c-9ec2e80d8328
KXNCAAFSPREAD-25NOV08LSUALA-ALA10,2025-11-09T04:02:33.312632Z,0.99,29,no,42c8be60-81ae-65e5-a300-65a3c1befd0c
KXNCAAFSPREAD-25NOV08LSUALA-ALA10,2025-11-09T04:02:28.610838Z,0.99,41,no,a8af5650-58aa-7149-0475-e7e02e9ee264
KXNCAAFSPREAD-25NOV08LSUALA-ALA10,2025-11-09T04:01:35.450325Z,0.99,357,no,d8ce945e-b012-466d-3db8-aae7c6ed5310
KXNCAAFSPREAD-25NOV08LSUALA-ALA10,2025-11-09T04:01:20.142726Z,0.99,26,no,71d089fc-139e-5489-3939-d4ac6679c190
KXNCAAFSPREAD-25NOV08LSUALA-ALA10,2025-11-09T04:01:01.832923Z,0.99,51,no,827be8d8-6b96-53c1-49f9-bf6d95908870
KXNCAAFSPREAD-25NOV08LSUALA-ALA10,2025-11-09T04:01:00.577878Z,0.99,47,no,c0c0cc5d-76da-6645-dfcb-5316661c1670
KXNCAAFSPREAD-25NOV08LSUALA-ALA10,2025-11-09T04:00:59.356326Z,0.99,50,no,f57d7995-5a5a-76d5-3b8d-013b69f827ec
KXNCAAFSPREAD-25NOV08LSUALA-ALA10,2025-11-09T04:00:57.408626Z,0.99,264,no,9e3344fd-2f56-7391-835b-24b17e32a338
KXNCAAFSPREAD-25NOV08LSUALA-ALA10,2025-11-09T04:00:54.961811Z,0.98,955,yes,ebb281dd-a3e2-45db-e923-e67b20e398ce
KXNCAAFSPREAD-25NOV08LSUALA-ALA10,2025-11-09T04:00:54.961811Z,0.99,158,yes,ce0113b2-a08b-4cc0-d038-4aa8cfe28d22
KXNCAAFSPREAD-25NOV08LSUALA-ALA10,2025-11-09T04:00:54.961811Z,0.99,217,yes,ae8d8f23-6982-4f58-fd45-b5f5bf8e8241
KXNCAAFSPREAD-25NOV08LSUALA-ALA10,2025-11-09T04:00:54.961811Z,0.99,100,yes,a12b6bc3-0d36-4f98-e6ce-06a62434a85b
KXNCAAFSPREAD-25NOV08LSUALA-ALA10,2025-11-09T04:00:52.877885Z,0.67,9,no,c875e41a-2e18-65c6-1af5-951bc45a26a7
KXNCAAFSPREAD-25NOV08LSUALA-ALA10,2025-11-09T04:00:23.016596Z,0.9,10,yes,88a991a5-515f-5b4c-dfc1-04ce2edae492
KXNCAAFSPREAD-25NOV08LSUALA-ALA10,2025-11-09T04:00:19.038119Z,0.85,59,no,a1a37b3c-d6f2-6886-1182-66dd44783569
KXNCAAFSPREAD-25NOV08LSUALA-ALA10,2025-11-09T03:59:28.078874Z,0.9,4,yes,729c9732-ec83-5fe8-0592-dedf6740e82a
KXNCAAFSPREAD-25NOV08LSUALA-ALA10,2025-11-09T03:59:23.818394Z,0.9,1,yes,10d4d0d2-5907-6d30-1bda-0b56298ed0ee
KXNCAAFSPREAD-25NOV08LSUALA-ALA10,2025-11-09T03:59:20.525701Z,0.85,157,no,5fc8b1eb-bc5e-4716-816f-82c6b4c916f5
KXNCAAFSPREAD-25NOV08LSUALA-ALA10,2025-11-09T03:58:58.498007Z,0.85,9,no,c5da83f4-9616-628e-83cc-6cbac4b416d5
KXNCAAFSPREAD-25NOV08LSUALA-ALA10,2025-11-09T03:58:39.614307Z,0.9,3,yes,803ae997-f76b-5280-8413-39ef791caba2
KXNCAAFSPREAD-25NOV08LSUALA-ALA10,2025-11-09T03:57:54.779214Z,0.9,5,yes,aaef3a78-0f63-6ae8-1182-8553021344e2
KXNCAAFSPREAD-25NOV08LSUALA-ALA10,2025-11-09T03:57:11.234658Z,0.88,4,no,eff79f48-dde4-7d4f-dd63-ee2f3cf951f1
KXNCAAFSPREAD-25NOV08LSUALA-ALA10,2025-11-09T03:57:11.234658Z,0.9,1,no,97cbdb61-d916-7ae7-c12c-da80689d5bb1
KXNCAAFSPREAD-25NOV08LSUALA-ALA10,2025-11-09T03:56:32.419335Z,0.98,45,yes,cc0a58b8-6596-57d7-4761-c5ebb00fdf4e
KXNCAAFSPREAD-25NOV08LSUALA-ALA10,2025-11-09T03:56:32.419335Z,0.93,1,yes,2ac7b365-ea67-55c0-4461-bd4243fa01c5
KXNCAAFSPREAD-25NOV08LSUALA-ALA10,2025-11-09T03:55:03.3955Z,0.99,10,yes,fe04ad5b-f6aa-7b18-0e08-3b7db66fa6f5
KXNCAAFSPREAD-25NOV08LSUALA-ALA10,2025-11-09T03:55:03.3955Z,0.99,300,yes,2e630a3f-60f3-7e28-0008-5c1bbae5fa2f
KXNCAAFSPREAD-25NOV08LSUALA-ALA10,2025-11-09T03:55:03.3955Z,0.98,163,yes,14b43b1e-dc73-7eb7-152c-63addefaeb99
KXNCAAFSPREAD-25NOV08LSUALA-ALA10,2025-11-09T03:54:52.87679Z,0.98,37,yes,275d94fd-9857-566b-c039-fba21319eae9
KXNCAAFSPREAD-25NOV08LSUALA-ALA10,2025-11-09T03:54:48.471358Z,0.97,35,yes,3a8ba963-74fa-54f7-5074-ee1885347207
KXNCAAFSPREAD-25NOV08LSUALA-ALA10,2025-11-09T03:54:31.581049Z,0.85,10,no,be85c821-a086-4fc6-bb7f-09a0cc3ef4dd
KXNCAAFSPREAD-25NOV08LSUALA-ALA10,2025-11-09T03:54:30.806313Z,0.97,65,yes,5ea2b586-b73e-496f-68f3-d1a408413b2f
KXNCAAFSPREAD-25NOV08LSUALA-ALA10,2025-11-09T03:54:21.538782Z,0.85,5,no,3104542a-c592-6e16-f470-5de8142ce021
KXNCAAFSPREAD-25NOV08LSUALA-ALA10,2025-11-09T03:53:58.207903Z,0.96,11,yes,ab5bf286-6857-5e8d-084d-1aeedd3335be
KXNCAAFSPREAD-25NOV08LSUALA-ALA10,2025-11-09T03:53:58.190521Z,0.85,307,no,c90bb396-5c8a-78c2-b573-18ea789f0add
KXNCAAFSPREAD-25NOV08LSUALA-ALA10,2025-11-09T03:53:54.377682Z,0.96,1,yes,42d655cb-10b7-5511-66bb-9a1e4d73461a
KXNCAAFSPREAD-25NOV08LSUALA-ALA10,2025-11-09T03:53:43.926555Z,0.85,189,no,a31d6741-e7e2-7a92-97fb-ab2a9e833f79
KXNCAAFSPREAD-25NOV08LSUALA-ALA10,2025-11-09T03:53:39.0245Z,0.85,157,no,238cd319-b4ae-5da2-3d90-31fb8ddc80cd
KXNCAAFSPREAD-25NOV08LSUALA-ALA10,2025-11-09T03:53:37.086783Z,0.85,37,no,beac6d1e-c932-608a-b4ab-771640d66d75
KXNCAAFSPREAD-25NOV08LSUALA-ALA10,2025-11-09T03:53:36.159294Z,0.9,560,yes,f3c21bae-f15e-7573-5821-c96c68c31c33
KXNCAAFSPREAD-25NOV08LSUALA-ALA10,2025-11-09T03:53:36.159294Z,0.93,100,yes,e8bf0640-0986-7be9-7f8f-b13ebcfbe212
KXNCAAFSPREAD-25NOV08LSUALA-ALA10,2025-11-09T03:53:36.159294Z,0.96,316,yes,9dac666a-5b5f-7ae1-6487-25bdb9a2dad2
KXNCAAFSPREAD-25NOV08LSUALA-ALA10,2025-11-09T03:53:36.159294Z,0.94,100,yes,7472e57d-8c9e-7368-43fc-90b7567bbecc
KXNCAAFSPREAD-25NOV08LSUALA-ALA10,2025-11-09T03:53:32.871498Z,0.84,87,yes,9150cd29-ba4e-4ce6-efd6-318f5b955107
KXNCAAFSPREAD-25NOV08LSUALA-ALA10,2025-11-09T03:53:32.871498Z,0.85,194,yes,2cc57ef2-07c2-457a-f5ca-8a5edb666826
KXNCAAFSPREAD-25NOV08LSUALA-ALA10,2025-11-09T03:53:22.145635Z,0.76,1000,yes,8da88ce5-b1c5-647e-90f1-02cfc98f38bf
KXNCAAFSPREAD-25NOV08LSUALA-ALA10,2025-11-09T03:52:22.468003Z,0.74,74,yes,ba2d2e2a-32a6-5b2c-61b9-143082b353ab
KXNCAAFSPREAD-25NOV08LSUALA-ALA10,2025-11-09T03:52:08.807929Z,0.73,9,yes,82d19c9b-fcb3-49eb-d72f-0cc11450fb73
KXNCAAFSPREAD-25NOV08LSUALA-ALA10,2025-11-09T03:52:08.260101Z,0.73,8,yes,49ef8a70-d813-4b43-c173-81f8c830d653
KXNCAAFSPREAD-25NOV08LSUALA-ALA10,2025-11-09T03:51:58.294017Z,0.65,331,no,c9115203-e371-5b83-de26-d68821bb9f4f
KXNCAAFSPREAD-25NOV08LSUALA-ALA10,2025-11-09T03:51:58.294017Z,0.75,6,no,b112caad-5494-5686-f582-59d9394fbee9
KXNCAAFSPREAD-25NOV08LSUALA-ALA10,2025-11-09T03:51:58.294017Z,0.66,200,no,956573d6-13d2-5b71-c87d-2e5004980e43
KXNCAAFSPREAD-25NOV08LSUALA-ALA10,2025-11-09T03:51:51.326714Z,0.75,34,yes,03a854b3-2346-5933-3313-243806199df1
KXNCAAFSPREAD-25NOV08LSUALA-ALA10,2025-11-09T03:51:41.255223Z,0.71,1,no,07ae9fe5-0c20-6281-fe06-4967d8957978
KXNCAAFSPREAD-25NOV08LSUALA-ALA10,2025-11-09T03:51:28.241089Z,0.64,7,no,e8b33555-237d-4a9d-512b-e3010db3f97f
KXNCAAFSPREAD-25NOV08LSUALA-ALA10,2025-11-09T03:51:28.241089Z,0.66,1,no,e5645d2d-e680-470f-41a2-c9b310f9abde
KXNCAAFSPREAD-25NOV08LSUALA-ALA10,2025-11-09T03:51:28.241089Z,0.65,79,no,c904f7da-14be-4a80-48d3-930dc802925c
KXNCAAFSPREAD-25NOV08LSUALA-ALA10,2025-11-09T03:51:20.641368Z,0.71,133,yes,45a38e45-e8e9-662b-d520-e36d557bbb25
KXNCAAFSPREAD-25NOV08LSUALA-ALA10,2025-11-09T03:50:12.899236Z,0.73,134,yes,cccf6ec1-b5ae-6a2e-751a-77aadd27347d
KXNCAAFSPREAD-25NOV08LSUALA-ALA10,2025-11-09T03:49:40.39493Z,0.65,5,no,51369783-0642-60ec-e58a-8814cec44192
KXNCAAFSPREAD-25NOV08LSUALA-ALA10,2025-11-09T03:49:40.39493Z,0.67,1,no,2dea14c0-ad90-6011-f3d1-521f2fd3fc7f
KXNCAAFSPREAD-25NOV08LSUALA-ALA10,2025-11-09T03:49:12.870674Z,0.76,500,yes,ac503377-d144-51ed-0863-1bd7aade187a
KXNCAAFSPREAD-25NOV08LSUALA-ALA10,2025-11-09T03:49:12.870674Z,0.77,48,yes,9e31e663-27a1-5a03-0e2f-c2694bfc6a9c
KXNCAAFSPREAD-25NOV08LSUALA-ALA10,2025-11-09T03:49:12.870674Z,0.74,100,yes,98d0b018-482d-595a-361e-9f6117dda4ca
KXNCAAFSPREAD-25NOV08LSUALA-ALA10,2025-11-09T03:48:59.720601Z,0.7,324,no,8c62a3c2-58b2-6407-5307-80b63a77b8c6
KXNCAAFSPREAD-25NOV08LSUALA-ALA10,2025-11-09T03:48:58.989811Z,0.7,19,no,b114107c-a5c6-6c63-a3a8-9b71808ad17e
KXNCAAFSPREAD-25NOV08LSUALA-ALA10,2025-11-09T03:48:58.661656Z,0.77,31,yes,764eb037-095d-74cf-709c-8f898cbcd0b0
KXNCAAFSPREAD-25NOV08LSUALA-ALA10,2025-11-09T03:48:55.49379Z,0.77,6,yes,14ce13ff-5bd9-419b-af4c-1fdfdf3f44f0
KXNCAAFSPREAD-25NOV08LSUALA-ALA10,2025-11-09T03:48:43.531296Z,0.7,19,no,4e2a8282-10da-798f-1e2e-c5615554db42
KXNCAAFSPREAD-25NOV08LSUALA-ALA10,2025-11-09T03:48:40.519187Z,0.7,95,no,170a2cf6-5d86-597f-18a8-922064355dfa
KXNCAAFSPREAD-25NOV08LSUALA-ALA10,2025-11-09T03:48:22.688736Z,0.74,34,no,db0ea594-45c4-563d-e735-4ad1f4b2fc1b
KXNCAAFSPREAD-25NOV08LSUALA-ALA10,2025-11-09T03:48:22.688736Z,0.73,143,no,76ca54c8-3540-505d-c5af-15ef9ac09344
KXNCAAFSPREAD-25NOV08LSUALA-ALA10,2025-11-09T03:48:16.019213Z,0.75,3,no,06a9ce7e-33db-5c3b-7e97-36da18a71425
KXNCAAFSPREAD-25NOV08LSUALA-ALA10,2025-11-09T03:48:04.393469Z,0.8,6,yes,49fa2cb8-5e5d-4a5b-232a-dd05c1f34044
KXNCAAFSPREAD-25NOV08LSUALA-ALA10,2025-11-09T03:47:59.276453Z,0.76,197,no,0faf7dc8-36c3-4d7b-9ae0-e61ed1acfa56
KXNCAAFSPREAD-25NOV08LSUALA-ALA10,2025-11-09T03:47:57.728063Z,0.75,65,no,f0384b7f-c231-50da-124e-4d864cc3b693
KXNCAAFSPREAD-25NOV08LSUALA-ALA10,2025-11-09T03:47:57.239804Z,0.75,11,no,cc092594-79cd-66e6-904e-e5758e329157
KXNCAAFSPREAD-25NOV08LSUALA-ALA10,2025-11-09T03:47:47.964699Z,0.76,43,no,8f73e3e1-17b9-6e10-b6aa-a1d827745cec
KXNCAAFSPREAD-25NOV08LSUALA-ALA10,2025-11-09T03:47:47.964699Z,0.76,592,no,7d90e079-2b89-6274-bc0e-6a58e3100e4c
KXNCAAFSPREAD-25NOV08LSUALA-ALA10,2025-11-09T03:47:47.964699Z,0.76,365,no,3d3340d9-bf56-63dc-b520-6945c69080db
KXNCAAFSPREAD-25NOV08LSUALA-ALA10,2025-11-09T03:47:32.252466Z,0.76,43,no,57d93734-79a1-5364-c7f1-1f5005fa825c
KXNCAAFSPREAD-25NOV08LSUALA-ALA10,2025-11-09T03:47:31.743955Z,0.76,207,no,1330ee8f-9e5b-5dd0-e31e-bd0b4197ac2a
KXNCAAFSPREAD-25NOV08LSUALA-ALA10,2025-11-09T03:47:28.228268Z,0.77,189,no,f753cfcf-860b-509a-dbef-f7d4ad381b1a
KXNCAAFSPREAD-25NOV08LSUALA-ALA10,2025-11-09T03:47:26.179303Z,0.77,289,no,7a0c4e71-59ab-6ede-8e53-193afba9855a
KXNCAAFSPREAD-25NOV08LSUALA-ALA10,2025-11-09T03:47:21.888217Z,0.7,2,yes,106b5fb6-3dee-5da8-5285-8788422e2aa5
KXNCAAFSPREAD-25NOV08LSUALA-ALA10,2025-11-09T03:47:00.223347Z,0.65,7,yes,b0e76c57-00f8-7974-0bd1-1d5d7bf2c5e1
KXNCAAFSPREAD-25NOV08LSUALA-ALA10,2025-11-09T03:46:51.039389Z,0.66,100,yes,b168cfa7-abaf-54dc-7221-487675057257
KXNCAAFSPREAD-25NOV08LSUALA-ALA10,2025-11-09T03:46:47.567739Z,0.66,20,yes,b5ea6173-43fb-570c-1856-eea0d0d3947f
KXNCAAFSPREAD-25NOV08LSUALA-ALA10,2025-11-09T03:46:11.235904Z,0.7,26,yes,519f839a-e8be-40d0-d254-8b02ccdeb0b5
KXNCAAFSPREAD-25NOV08LSUALA-ALA10,2025-11-09T03:45:48.285355Z,0.63,21,no,de591ef2-2a6d-4b94-e4bc-784f3fc26fba
KXNCAAFSPREAD-25NOV08LSUALA-ALA10,2025-11-09T03:44:53.342513Z,0.65,50,no,d99341ce-e4a4-5972-f7d0-860a54cb9a5c
KXNCAAFSPREAD-25NOV08LSUALA-ALA10,2025-11-09T03:44:35.796065Z,0.53,855,yes,cfcd7fb0-bcdf-7807-e7ce-f63cd55ea189
KXNCAAFSPREAD-25NOV08LSUALA-ALA10,2025-11-09T03:44:31.844687Z,0.53,632,yes,e6da3895-9ff4-5f7f-0457-dd455b291da5
KXNCAAFSPREAD-25NOV08LSUALA-ALA10,2025-11-09T03:44:31.844687Z,0.53,368,yes,caf0542c-166a-51fe-3754-5e1a5a062519
KXNCAAFSPREAD-25NOV08LSUALA-ALA10,2025-11-09T03:44:11.322182Z,0.44,223,no,a8568cdb-cf97-797b-d3c1-89bc9643adfa
KXNCAAFSPREAD-25NOV08LSUALA-ALA10,2025-11-09T03:43:52.808936Z,0.52,430,yes,1fad00af-2fb2-6951-9b5a-15c1ae4f0271
KXNCAAFSPREAD-25NOV08LSUALA-ALA10,2025-11-09T03:43:41.234924Z,0.55,15,yes,f6aa8458-51d7-68c5-588c-7e02b6a6c75b
KXNCAAFSPREAD-25NOV08LSUALA-ALA10,2025-11-09T03:43:41.234924Z,0.54,2,yes,49477c83-10a5-6ede-6fc7-7a515e25d7e6
KXNCAAFSPREAD-25NOV08LSUALA-ALA10,2025-11-09T03:43:19.076881Z,0.57,50,no,097d5a54-24b8-6ca8-8f13-6b9351abc64e
KXNCAAFSPREAD-25NOV08LSUALA-ALA10,2025-11-09T03:43:03.493023Z,0.66,20,no,1c4d6368-9c33-6b37-df9c-e3af9a9edc8c
KXNCAAFSPREAD-25NOV08LSUALA-ALA10,2025-11-09T03:42:32.774843Z,0.57,920,yes,fb39eebe-2339-74f5-67a7-7150584baa22
KXNCAAFSPREAD-25NOV08LSUALA-ALA10,2025-11-09T03:42:14.255524Z,0.56,207,yes,707116dc-a390-4536-2758-c7e271dc4a8c
KXNCAAFSPREAD-25NOV08LSUALA-ALA10,2025-11-09T03:40:43.190355Z,0.49,225,yes,90933970-bf33-4def-7633-5339f9a686f3
KXNCAAFSPREAD-25NOV08LSUALA-ALA10,2025-11-09T03:40:43.190355Z,0.49,145,yes,1a79ec32-a6a3-4781-651f-8bb4349a1af0
KXNCAAFSPREAD-25NOV08LSUALA-ALA10,2025-11-09T03:39:32.885194Z,0.44,19,yes,93b6b59b-877e-7468-cca2-072e85b29d0f
KXNCAAFSPREAD-25NOV08LSUALA-ALA10,2025-11-09T03:38:38.641425Z,0.44,208,yes,ec55a8ca-e60c-52c1-0667-27845cf3eccb
KXNCAAFSPREAD-25NOV08LSUALA-ALA10,2025-11-09T03:38:38.641425Z,0.43,10,yes,78d4b7f2-bd5b-55e2-2370-db78d9c57df3
KXNCAAFSPREAD-25NOV08LSUALA-ALA10,2025-11-09T03:37:39.559281Z,0.44,205,yes,16e9bac6-a9f1-688c-1ca6-36831ce793f7
KXNCAAFSPREAD-25NOV08LSUALA-ALA10,2025-11-09T03:35:02.827472Z,0.51,9,yes,83507b18-3692-4abb-7784-32bbc4ccd91f
KXNCAAFSPREAD-25NOV08LSUALA-ALA10,2025-11-09T03:34:28.313867Z,0.53,205,no,12ee8869-51eb-4ae7-d3a7-a34b126fe48b
KXNCAAFSPREAD-25NOV08LSUALA-ALA10,2025-11-09T03:33:53.138655Z,0.51,24,yes,2cca2f1b-4636-7fbb-192f-3d1f20824738
KXNCAAFSPREAD-25NOV08LSUALA-ALA10,2025-11-09T03:32:02.500036Z,0.5,193,yes,9458a5b3-0cd0-5964-5ac2-fa4b73b2400e
KXNCAAFSPREAD-25NOV08LSUALA-ALA10,2025-11-09T03:31:41.498658Z,0.47,20,yes,fb1df7a9-0428-7ea6-52ee-fa3f97ceefe5
KXNCAAFSPREAD-25NOV08LSUALA-ALA10,2025-11-09T03:30:15.176062Z,0.49,39,yes,4d3260ec-9463-4cb9-b74f-4329fbda2333
KXNCAAFSPREAD-25NOV08LSUALA-ALA10,2025-11-09T03:29:59.324593Z,0.49,187,yes,fb8ea3fa-c60e-6886-1e13-4b7573e8217e
KXNCAAFSPREAD-25NOV08LSUALA-ALA10,2025-11-09T03:29:27.834884Z,0.49,423,yes,9f12cbbc-f8b6-4356-e15a-a60b5cecea5e
KXNCAAFSPREAD-25NOV08LSUALA-ALA10,2025-11-09T03:28:55.187488Z,0.5,189,yes,b7ef34ad-ab0b-4493-752a-db15dfd54ba5
KXNCAAFSPREAD-25NOV08LSUALA-ALA10,2025-11-09T03:27:56.314859Z,0.42,39,yes,f9bc425c-be1f-6315-8680-51f76983243e
KXNCAAFSPREAD-25NOV08LSUALA-ALA10,2025-11-09T03:27:56.314859Z,0.54,14,yes,0891d24f-f6e6-6301-8ae9-3ef855da7394
KXNCAAFSPREAD-25NOV08LSUALA-ALA10,2025-11-09T03:27:38.899011Z,0.41,1,no,c8069f5a-b732-4e3b-2660-6c1dcd64e5d3
KXNCAAFSPREAD-25NOV08LSUALA-ALA10,2025-11-09T03:27:03.055335Z,0.42,11,yes,8575206d-01cb-6a31-9990-20db6329d2ce
KXNCAAFSPREAD-25NOV08LSUALA-ALA10,2025-11-09T03:23:22.513584Z,0.56,346,yes,28c824d0-2cb0-69ff-60d7-d8227702e877
KXNCAAFSPREAD-25NOV08LSUALA-ALA10,2025-11-09T03:22:52.691284Z,0.44,10,no,3ce674c1-f8fe-49d0-498f-f090b7ac1b64
KXNCAAFSPREAD-25NOV08LSUALA-ALA10,2025-11-09T03:22:11.687341Z,0.43,255,no,d5b31cbc-02ad-5812-c227-80fba999edb6
KXNCAAFSPREAD-25NOV08LSUALA-ALA10,2025-11-09T03:20:53.843395Z,0.54,423,no,912e5c68-ab48-7bd6-402f-8b688b9f1b5e
KXNCAAFSPREAD-25NOV08LSUALA-ALA10,2025-11-09T03:20:43.256634Z,0.49,634,no,894274e7-a072-4491-67a7-0c1934c7ac28
KXNCAAFSPREAD-25NOV08LSUALA-ALA10,2025-11-09T03:20:00.807313Z,0.71,370,no,efac98fd-76ae-6d2c-ad89-bcbd63ce0a2c
KXNCAAFSPREAD-25NOV08LSUALA-ALA10,2025-11-09T03:20:00.807313Z,0.7,8,no,8a2ddc17-ec48-6b5b-b52b-47f3433cdea8
KXNCAAFSPREAD-25NOV08LSUALA-ALA10,2025-11-09T03:19:58.860814Z,0.71,49,no,94ccb202-6046-5f48-0bf3-ab59f9ff7498
KXNCAAFSPREAD-25NOV08LSUALA-ALA10,2025-11-09T03:19:58.652572Z,0.71,32,no,715178f6-8fda-52f0-9f6d-198175a8515c
KXNCAAFSPREAD-25NOV08LSUALA-ALA10,2025-11-09T03:18:28.186082Z,0.75,102,no,ad0b9dff-5065-73d6-a27b-185cb2966a18
KXNCAAFSPREAD-25NOV08LSUALA-ALA10,2025-11-09T03:18:10.623257Z,0.84,47,yes,e2e8df1d-fa3e-7238-b5db-7b336a7d2212
KXNCAAFSPREAD-25NOV08LSUALA-ALA10,2025-11-09T03:13:50.509639Z,0.72,150,no,c024db9a-133e-4242-d7c9-0b0c0a4ef83e
KXNCAAFSPREAD-25NOV08LSUALA-ALA10,2025-11-09T03:13:45.789633Z,0.81,18,yes,c9f8e29f-381c-4a65-8070-e21c6ac230e8
KXNCAAFSPREAD-25NOV08LSUALA-ALA10,2025-11-09T03:12:42.829018Z,0.85,11,yes,d427ae1c-9752-6062-2e9b-77a4c2652ee6
KXNCAAFSPREAD-25NOV08LSUALA-ALA10,2025-11-09T03:12:28.113946Z,0.75,41,no,5bf6bbd4-6810-4f73-d0e8-4fddabc03e2a
KXNCAAFSPREAD-25NOV08LSUALA-ALA10,2025-11-09T03:12:18.071651Z,0.7,22,no,cddcaccc-1854-49e6-1c8a-71011cb8128f
KXNCAAFSPREAD-25NOV08LSUALA-ALA10,2025-11-09T03:10:07.000939Z,0.63,258,no,2ee1f5bd-5b28-6332-71b3-75158e09c981
KXNCAAFSPREAD-25NOV08LSUALA-ALA10,2025-11-09T03:09:25.089232Z,0.56,50,no,04d1375d-6340-6733-15b6-4b8ba4b119a6
KXNCAAFSPREAD-25NOV08LSUALA-ALA10,2025-11-09T03:08:04.643806Z,0.64,170,no,c8c57bc0-5b9d-6c39-9a9c-558efb9ce950
KXNCAAFSPREAD-25NOV08LSUALA-ALA10,2025-11-09T03:05:29.21238Z,0.58,228,no,a3f15db8-bd5d-79fb-04c8-de065bbeb8ba
KXNCAAFSPREAD-25NOV08LSUALA-ALA10,2025-11-09T03:03:03.303534Z,0.64,15,yes,4b81133c-b40a-5f26-6ac6-9364b8ede4fa
KXNCAAFSPREAD-25NOV08LSUALA-ALA10,2025-11-09T03:02:53.913448Z,0.64,13,yes,a4f5eb41-63aa-665a-987a-79697abe35aa
KXNCAAFSPREAD-25NOV08LSUALA-ALA10,2025-11-09T03:02:20.224109Z,0.52,50,no,52d6cc85-efef-6bbe-121f-cf160b60f914
KXNCAAFSPREAD-25NOV08LSUALA-ALA10,2025-11-09T03:01:25.940585Z,0.74,182,yes,cb16e73f-27d1-661c-cc8e-f2df09f70f7a
KXNCAAFSPREAD-25NOV08LSUALA-ALA10,2025-11-09T03:00:40.244094Z,0.62,65,no,d133fa80-071f-44b3-8641-3b42ac1a755e
KXNCAAFSPREAD-25NOV08LSUALA-ALA10,2025-11-09T03:00:27.399083Z,0.7,21,yes,ef22f993-802c-6374-3dad-83886f10257f
KXNCAAFSPREAD-25NOV08LSUALA-ALA10,2025-11-09T02:57:40.504218Z,0.64,106,no,e6331f78-e137-5b72-baa0-e84a06516413
KXNCAAFSPREAD-25NOV08LSUALA-ALA10,2025-11-09T02:48:43.630313Z,0.76,20,yes,7f7554f2-f2af-457b-a8f0-b413f2b98c99
KXNCAAFSPREAD-25NOV08LSUALA-ALA10,2025-11-09T02:43:23.074393Z,0.63,231,no,93266544-a0f8-4f51-41ae-1da0508d0f45
KXNCAAFSPREAD-25NOV08LSUALA-ALA10,2025-11-09T02:43:00.98751Z,0.6,239,no,066ad91d-7d94-6089-03c6-e6ed2b3acd66
KXNCAAFSPREAD-25NOV08LSUALA-ALA10,2025-11-09T02:34:59.793929Z,0.71,20,no,6ce498de-339d-7a11-1382-36855bc91047
KXNCAAFSPREAD-25NOV08LSUALA-ALA10,2025-11-09T02:34:01.366544Z,0.75,3,no,4d0da0ad-0b1f-5f12-15ff-24f080dc9a69
KXNCAAFSPREAD-25NOV08LSUALA-ALA10,2025-11-09T02:33:44.981252Z,0.74,2,no,d60a58d6-fc29-74ad-544c-43e6f4f788a0
KXNCAAFSPREAD-25NOV08LSUALA-ALA10,2025-11-09T02:30:22.685166Z,0.8,715,yes,f96d292f-b194-4fcf-a8cf-fcb49d880d5b
KXNCAAFSPREAD-25NOV08LSUALA-ALA10,2025-11-09T02:30:22.685166Z,0.8,38,yes,f82e8c5e-eb28-405d-8230-94ff5e907d4f
KXNCAAFSPREAD-25NOV08LSUALA-ALA10,2025-11-09T02:23:12.677351Z,0.6,51,no,f7ddc070-602e-52b8-bd09-6ea1afe271e9
KXNCAAFSPREAD-25NOV08LSUALA-ALA10,2025-11-09T02:12:48.800118Z,0.8,558,yes,47d796f5-cb62-6494-f455-a98d454091f7
KXNCAAFSPREAD-25NOV08LSUALA-ALA10,2025-11-09T02:10:21.795222Z,0.7,79,no,4ebb47c2-2afe-74de-200b-ddbf8da9c697
KXNCAAFSPREAD-25NOV08LSUALA-ALA10,2025-11-09T02:09:58.038327Z,0.78,18,yes,72382f57-475c-5fac-49bd-0e4bafe9d548
KXNCAAFSPREAD-25NOV08LSUALA-ALA10,2025-11-09T02:09:45.78638Z,0.77,195,yes,29ce93f9-6732-60b9-b88a-bad4ba4cdb52
KXNCAAFSPREAD-25NOV08LSUALA-ALA10,2025-11-09T02:07:46.595211Z,0.58,213,yes,39ce94f6-c60f-6481-332b-02517dc65408
KXNCAAFSPREAD-25NOV08LSUALA-ALA10,2025-11-09T02:05:56.578829Z,0.5,19,no,af93462d-1107-6b4e-143f-ef496030a171
KXNCAAFSPREAD-25NOV08LSUALA-ALA10,2025-11-09T02:05:07.180349Z,0.52,3,yes,f330cd22-f7be-6e59-57a0-8f7c0fdb1b53
KXNCAAFSPREAD-25NOV08LSUALA-ALA10,2025-11-09T02:05:07.180349Z,0.56,14,yes,36382551-4ec5-6adc-6673-ff420d67b809
KXNCAAFSPREAD-25NOV08LSUALA-ALA10,2025-11-09T02:02:56.137624Z,0.5,193,yes,37630f54-5e0e-4c9e-b354-d01f72a85aae
KXNCAAFSPREAD-25NOV08LSUALA-ALA10,2025-11-09T02:02:27.005289Z,0.46,23,no,dcdf394e-5b37-7583-6ba7-c448ebb5c05c
KXNCAAFSPREAD-25NOV08LSUALA-ALA10,2025-11-09T02:02:19.252356Z,0.5,604,yes,958ff9a9-70be-7d02-312b-da98b1033efe
KXNCAAFSPREAD-25NOV08LSUALA-ALA10,2025-11-09T02:02:12.552804Z,0.5,38,yes,92f40a14-93a6-620e-27bd-f20ef338de8a
KXNCAAFSPREAD-25NOV08LSUALA-ALA10,2025-11-09T02:01:28.116674Z,0.51,37,yes,db142878-01ba-45aa-c30f-b065c014e14a
KXNCAAFSPREAD-25NOV08LSUALA-ALA10,2025-11-09T02:01:24.880988Z,0.46,2,no,44714d53-284b-5087-8a46-df7d5c7f6d98
KXNCAAFSPREAD-25NOV08LSUALA-ALA10,2025-11-09T02:01:22.862153Z,0.51,18,yes,e00d7ca8-d87e-6da6-846f-1ee853067f76
KXNCAAFSPREAD-25NOV08LSUALA-ALA10,2025-11-09T02:01:04.750553Z,0.51,189,yes,d3641132-69a6-7f06-01fd-0a305ab697a6
KXNCAAFSPREAD-25NOV08LSUALA-ALA10,2025-11-09T02:00:21.554525Z,0.51,473,yes,7c716b7c-dbe6-64ca-9387-3c6563d58062
KXNCAAFSPREAD-25NOV08LSUALA-ALA10,2025-11-09T01:59:54.322413Z,0.56,17,yes,c3402b95-7f92-4e8f-4bd1-c51a2e641c76
KXNCAAFSPREAD-25NOV08LSUALA-ALA10,2025-11-09T01:54:35.276672Z,0.67,29,yes,05c72acc-a695-4e99-3001-deeece225c7f
KXNCAAFSPREAD-25NOV08LSUALA-ALA10,2025-11-09T01:52:51.223268Z,0.55,39,no,a2d06eed-ea1e-4599-988d-4f65d5a97890
KXNCAAFSPREAD-25NOV08LSUALA-ALA10,2025-11-09T01:52:51.223268Z,0.6,6,no,7050fe66-7861-46f9-a3fb-b5c440a0dc72
KXNCAAFSPREAD-25NOV08LSUALA-ALA10,2025-11-09T01:52:01.753056Z,0.62,157,yes,4cafd904-50cd-6a86-e775-5d09ae7e9e68
KXNCAAFSPREAD-25NOV08LSUALA-ALA10,2025-11-09T01:51:16.313123Z,0.6,4,no,f25a6597-7211-6e01-03b0-bb31b4fbb3d2
KXNCAAFSPREAD-25NOV08LSUALA-ALA10,2025-11-09T01:50:23.618998Z,0.61,50,yes,51ffd4b8-5f52-5fdc-5f03-5297a9020620
KXNCAAFSPREAD-25NOV08LSUALA-ALA10,2025-11-09T01:48:51.937911Z,0.64,762,yes,6fd1e9af-0e2f-4eb8-0309-ce2df9cfeb48
KXNCAAFSPREAD-25NOV08LSUALA-ALA10,2025-11-09T01:48:07.427591Z,0.55,10,no,f68e9628-be84-7272-9546-8956d29f64c8
KXNCAAFSPREAD-25NOV08LSUALA-ALA10,2025-11-09T01:48:07.427591Z,0.54,63,no,9e281216-c145-7f9d-b4b4-56cec9ad6e5e
KXNCAAFSPREAD-25NOV08LSUALA-ALA10,2025-11-09T01:48:05.64349Z,0.63,26,yes,e6ff6789-ff39-5ccc-35e9-50afcdc16a46
KXNCAAFSPREAD-25NOV08LSUALA-ALA10,2025-11-09T01:48:05.64349Z,0.59,10,yes,acdc5fe3-1001-5e8d-25ef-7218ee77233d
KXNCAAFSPREAD-25NOV08LSUALA-ALA10,2025-11-09T01:47:40.440055Z,0.6,24,yes,b65f359f-e4f6-4d6c-caa9-366adcff1908
KXNCAAFSPREAD-25NOV08LSUALA-ALA10,2025-11-09T01:47:00.214327Z,0.52,400,no,fcd2685e-53d2-530d-78f3-08a5b14f1b43
KXNCAAFSPREAD-25NOV08LSUALA-ALA10,2025-11-09T01:46:29.449149Z,0.52,60,no,f69e2024-e856-5c9d-a81b-94bf8615fc4b
KXNCAAFSPREAD-25NOV08LSUALA-ALA10,2025-11-09T01:46:29.119813Z,0.52,20,no,660fc525-7c2a-67ad-aefe-0a51278f452f
KXNCAAFSPREAD-25NOV08LSUALA-ALA10,2025-11-09T01:44:53.271576Z,0.48,46,no,c7443f05-d304-5b89-6826-8536ca15c607
KXNCAAFSPREAD-25NOV08LSUALA-ALA10,2025-11-09T01:44:36.83364Z,0.65,75,yes,d684c1c3-5283-4b40-a9c6-dbcf0326dfb9
KXNCAAFSPREAD-25NOV08LSUALA-ALA10,2025-11-09T01:44:30.37364Z,0.38,15,no,5d48843a-6950-4cde-b8ba-03ef1f4ebb7f
KXNCAAFSPREAD-25NOV08LSUALA-ALA10,2025-11-09T01:44:27.229492Z,0.65,23,yes,adeaa3b4-43fb-4d5c-c3a6-4dab2c3b9f8d
KXNCAAFSPREAD-25NOV08LSUALA-ALA10,2025-11-09T01:44:27.229492Z,0.58,24,yes,1e796e9e-8c08-4df8-c27a-16dc61542d99
KXNCAAFSPREAD-25NOV08LSUALA-ALA10,2025-11-09T01:43:34.528181Z,0.48,15,yes,6fe8bff1-fb74-4004-aa42-b3c5db50c110
KXNCAAFSPREAD-25NOV08LSUALA-ALA10,2025-11-09T01:43:34.528181Z,0.49,24,yes,5b4d5d1d-1087-4f3c-a1b8-3883377cb75d
KXNCAAFSPREAD-25NOV08LSUALA-ALA10,2025-11-09T01:42:34.876394Z,0.44,21,yes,0d53ab9b-b4cb-7428-4fdb-ed4df94c8999
KXNCAAFSPREAD-25NOV08LSUALA-ALA10,2025-11-09T01:36:38.382202Z,0.37,30,no,04557ef3-496d-4470-32d6-760d22be4237
KXNCAAFSPREAD-25NOV08LSUALA-ALA10,2025-11-09T01:34:45.691316Z,0.36,44,no,de9a5b6c-ccdd-6caf-c54a-9685670e883f
KXNCAAFSPREAD-25NOV08LSUALA-ALA10,2025-11-09T01:27:15.318089Z,0.46,3,yes,372bd2b2-5dca-67e6-49ce-397a8139c0d2
KXNCAAFSPREAD-25NOV08LSUALA-ALA10,2025-11-09T01:25:39.744904Z,0.46,444,yes,24bf6001-fd2b-650f-a3d1-a53332e39bb2
KXNCAAFSPREAD-25NOV08LSUALA-ALA10,2025-11-09T01:25:20.891021Z,0.41,91,no,f2f5e690-ced6-463b-b792-08513dd43bb0
KXNCAAFSPREAD-25NOV08LSUALA-ALA10,2025-11-09T01:25:02.061603Z,0.46,4,yes,cab90ee6-3e3b-55bb-8b35-a62260411772
KXNCAAFSPREAD-25NOV08LSUALA-ALA10,2025-11-09T01:24:55.743562Z,0.46,33,yes,756b65a3-9743-66bf-d34a-a9b32dc89ada
KXNCAAFSPREAD-25NOV08LSUALA-ALA10,2025-11-09T01:24:29.983716Z,0.41,41,no,d4363bc6-1ece-7537-217c-d08cb4dbde54
KXNCAAFSPREAD-25NOV08LSUALA-ALA10,2025-11-09T01:24:28.61812Z,0.46,62,yes,03466b78-dfaf-5433-14d6-9ddd3fc3e25e
KXNCAAFSPREAD-25NOV08LSUALA-ALA10,2025-11-09T01:24:23.117435Z,0.41,32,no,a76a6b7e-25f2-5d47-f26d-31ccd9dc93a0
KXNCAAFSPREAD-25NOV08LSUALA-ALA10,2025-11-09T01:22:52.154392Z,0.49,19,yes,8cb17600-c6a2-7a18-4ed1-0c8ef3746082
KXNCAAFSPREAD-25NOV08LSUALA-ALA10,2025-11-09T01:22:30.749446Z,0.48,10,yes,a9ebaf67-314c-6d66-b7d0-4580d1951fc8
KXNCAAFSPREAD-25NOV08LSUALA-ALA10,2025-11-09T01:22:30.749446Z,0.49,9,yes,748cfa80-4576-61dc-8acc-3eb0447776f2
KXNCAAFSPREAD-25NOV08LSUALA-ALA10,2025-11-09T01:21:59.676128Z,0.43,255,no,bc5b8d31-3785-68cb-3733-7bf2d5b7432f
KXNCAAFSPREAD-25NOV08LSUALA-ALA10,2025-11-09T01:21:48.177896Z,0.38,58,no,e3fe58ba-522b-428a-7127-ca28d6e19b15
KXNCAAFSPREAD-25NOV08LSUALA-ALA10,2025-11-09T01:20:14.986342Z,0.44,259,no,8d345325-5587-5c95-f688-d9331ca4fde9
KXNCAAFSPREAD-25NOV08LSUALA-ALA10,2025-11-09T01:19:55.776279Z,0.44,47,no,a9e93e4a-42b7-5699-a7b7-3d2ca6dd3505
KXNCAAFSPREAD-25NOV08LSUALA-ALA10,2025-11-09T01:18:52.326322Z,0.44,37,no,501170f6-2e7d-41ab-40df-9ad8f6da91c8
KXNCAAFSPREAD-25NOV08LSUALA-ALA10,2025-11-09T01:16:50.728578Z,0.46,104,yes,1dcb508f-1808-63b8-f4e3-8bf2337e92a3
KXNCAAFSPREAD-25NOV08LSUALA-ALA10,2025-11-09T01:16:45.413659Z,0.4,50,no,213df05c-f731-4be7-9278-83b69d8d8d73
KXNCAAFSPREAD-25NOV08LSUALA-ALA10,2025-11-09T01:16:39.843641Z,0.46,59,yes,96dd3014-0558-7864-d73c-2648d26ee4ab
KXNCAAFSPREAD-25NOV08LSUALA-ALA10,2025-11-09T01:16:18.636115Z,0.4,16,no,d38ec8d4-19fd-537b-6af7-7ac4d15bd6cb
KXNCAAFSPREAD-25NOV08LSUALA-ALA10,2025-11-09T01:15:52.474722Z,0.47,102,yes,9e521d5f-f7d3-4938-762c-8ab9c9292e89
KXNCAAFSPREAD-25NOV08LSUALA-ALA10,2025-11-09T01:15:45.27201Z,0.47,30,yes,e608b05f-c59f-7cb4-8788-658e979dd955
KXNCAAFSPREAD-25NOV08LSUALA-ALA10,2025-11-09T01:14:51.605157Z,0.49,25,yes,c5186694-d48c-5c09-0413-09509bc54035
KXNCAAFSPREAD-25NOV08LSUALA-ALA10,2025-11-09T01:14:51.605157Z,0.49,20,yes,469a1643-54bf-5a6c-2e08-4858aa93a0f5
KXNCAAFSPREAD-25NOV08LSUALA-ALA10,2025-11-09T01:14:26.901325Z,0.51,18,yes,54f99167-805f-49ac-f202-826acbb9f719
KXNCAAFSPREAD-25NOV08LSUALA-ALA10,2025-11-09T01:14:26.364042Z,0.51,18,yes,596f1019-a737-4de0-1df4-9b07883c66c9
KXNCAAFSPREAD-25NOV08LSUALA-ALA10,2025-11-09T01:14:15.66649Z,0.51,204,yes,c898c0b9-794f-7820-ddd6-9fa4154fa22d
KXNCAAFSPREAD-25NOV08LSUALA-ALA10,2025-11-09T01:14:06.834432Z,0.56,204,yes,fad58b3f-7917-40ab-f175-e91837c6893d
KXNCAAFSPREAD-25NOV08LSUALA-ALA10,2025-11-09T01:14:06.834432Z,0.46,800,yes,b2dcfaf2-71d7-456a-e5e4-a7d8e025332a
KXNCAAFSPREAD-25NOV08LSUALA-ALA10,2025-11-09T01:13:43.955128Z,0.52,83,yes,7abaa2d8-4708-5894-554e-e79aa2b8f378
KXNCAAFSPREAD-25NOV08LSUALA-ALA10,2025-11-09T01:13:43.955128Z,0.53,698,yes,19a9c951-2367-5ba0-4c2e-c42dbfbb71e5
KXNCAAFSPREAD-25NOV08LSUALA-ALA10,2025-11-09T01:12:30.758772Z,0.4,2336,no,4ee863bb-74e5-7773-3036-2562d208ce23
KXNCAAFSPREAD-25NOV08LSUALA-ALA10,2025-11-09T01:11:57.319446Z,0.4,24,no,44eeaaa0-0d19-74bf-34eb-0bcf8a3e59e7
KXNCAAFSPREAD-25NOV08LSUALA-ALA10,2025-11-09T01:11:56.734446Z,0.4,145,no,71c4d151-0111-4537-934d-dac2f9af336f
KXNCAAFSPREAD-25NOV08LSUALA-ALA10,2025-11-09T01:11:34.553034Z,0.44,22,yes,fb959bb3-4457-4c62-cff9-6782c17beb8e
KXNCAAFSPREAD-25NOV08LSUALA-ALA10,2025-11-09T01:11:00.446126Z,0.39,39,no,d5709d88-72ed-672f-0bdd-37ffc716f2db
KXNCAAFSPREAD-25NOV08LSUALA-ALA10,2025-11-09T01:10:32.325856Z,0.43,44,yes,7cfa11d8-5d4e-7def-fcc3-456a2015818f
KXNCAAFSPREAD-25NOV08LSUALA-ALA10,2025-11-09T01:10:30.537657Z,0.43,67,yes,82c76727-8e9a-7ce7-9dbb-1a9df89d458f
KXNCAAFSPREAD-25NOV08LSUALA-ALA10,2025-11-09T01:09:29.905052Z,0.39,19,no,4e0d6a63-3071-6893-de66-a146f39f1b8b
KXNCAAFSPREAD-25NOV08LSUALA-ALA10,2025-11-09T01:09:13.961629Z,0.39,79,no,076700d1-3235-6a83-b386-45cd76782eab
KXNCAAFSPREAD-25NOV08LSUALA-ALA10,2025-11-09T01:08:19.522383Z,0.43,22,yes,f324cacb-a4de-5643-884e-6cdad355dbb3
KXNCAAFSPREAD-25NOV08LSUALA-ALA10,2025-11-09T01:07:54.661267Z,0.39,48,no,f4f53f4d-7311-7683-adef-c5f522c8073f
KXNCAAFSPREAD-25NOV08LSUALA-ALA10,2025-11-09T01:07:10.804757Z,0.39,11,no,843e8c32-42cd-5ebf-a584-4adf5bfa70bb
KXNCAAFSPREAD-25NOV08LSUALA-ALA10,2025-11-09T01:05:12.118826Z,0.51,672,yes,28cb4247-e98b-6074-7877-24b8c97a306a
KXNCAAFSPREAD-25NOV08LSUALA-ALA10,2025-11-09T01:02:44.041081Z,0.4,32,no,71c935f0-29dd-43bf-a40a-3dd331b447ff
KXNCAAFSPREAD-25NOV08LSUALA-ALA10,2025-11-09T01:02:25.075187Z,0.46,102,yes,ebbafa23-5e9b-4894-43fe-b47a4067f4a5
KXNCAAFSPREAD-25NOV08LSUALA-ALA10,2025-11-09T01:01:41.540946Z,0.47,2500,yes,c4dfab28-a515-4910-d6c5-a9545efa55a6
KXNCAAFSPREAD-25NOV08LSUALA-ALA10,2025-11-09T01:01:41.540946Z,0.47,222,yes,ae2beee4-65a4-432e-c298-545ef8c42773
KXNCAAFSPREAD-25NOV08LSUALA-ALA10,2025-11-09T01:01:41.540946Z,0.52,917,yes,9469331f-9528-4c24-f903-115a494a9a38
KXNCAAFSPREAD-25NOV08LSUALA-ALA10,2025-11-09T01:01:41.540946Z,0.49,26,yes,20dc05e3-12b2-43b3-c7c5-84b297c8be96
KXNCAAFSPREAD-25NOV08LSUALA-ALA10,2025-11-09T01:01:41.540946Z,0.5,322,yes,0e6b6b4e-6671-4aa5-cf6d-1507d1b3df07
KXNCAAFSPREAD-25NOV08LSUALA-ALA10,2025-11-09T00:58:15.465489Z,0.37,5,yes,1ecc1925-0be7-7c80-531a-5c4a34a7ad81
KXNCAAFSPREAD-25NOV08LSUALA-ALA10,2025-11-09T00:58:10.171682Z,0.37,129,yes,a765f11b-196b-7c7c-54a2-58b99fed86cd
KXNCAAFSPREAD-25NOV08LSUALA-ALA10,2025-11-09T00:54:02.512081Z,0.35,15,no,b44e2700-a84b-7961-f77c-c3e760b1510d
KXNCAAFSPREAD-25NOV08LSUALA-ALA10,2025-11-09T00:53:55.667283Z,0.37,793,no,cb3dd959-c35e-5cae-0942-9e6013cd1f27
KXNCAAFSPREAD-25NOV08LSUALA-ALA10,2025-11-09T00:53:27.141795Z,0.38,23,no,a0b49dc5-7fa1-53b8-aec9-8b29f4f664d3
KXNCAAFSPREAD-25NOV08LSUALA-ALA10,2025-11-09T00:50:49.118947Z,0.41,20,no,85645671-7081-7bfc-e338-7040026208eb
KXNCAAFSPREAD-25NOV08LSUALA-ALA10,2025-11-09T00:50:49.118947Z,0.42,6,no,1b6d79bb-4030-73e3-f3c8-3fefce68a4ee
KXNCAAFSPREAD-25NOV08LSUALA-ALA10,2025-11-09T00:50:36.813231Z,0.42,18,no,ff5204ca-fa5c-401f-3751-00f65bbacf22
KXNCAAFSPREAD-25NOV08LSUALA-ALA10,2025-11-09T00:50:20.575958Z,0.46,4,yes,7e9cb1b9-bf25-7ee0-0d7d-4359e926139a
KXNCAAFSPREAD-25NOV08LSUALA-ALA10,2025-11-09T00:48:43.374852Z,0.5,289,yes,b71f41b8-c3b1-5e71-f92b-abd7b993c31f
KXNCAAFSPREAD-25NOV08LSUALA-ALA10,2025-11-09T00:48:35.696364Z,0.5,389,yes,f1809fc9-00b5-5a0d-0a77-89bd7b16a70f
KXNCAAFSPREAD-25NOV08LSUALA-ALA10,2025-11-09T00:48:28.032121Z,0.49,83,yes,785b1622-b602-6b5f-2167-80c41a415617
KXNCAAFSPREAD-25NOV08LSUALA-ALA10,2025-11-09T00:48:28.032121Z,0.49,15,yes,6887131c-0e9f-63cc-38a7-f96e3f4678cf
KXNCAAFSPREAD-25NOV08LSUALA-ALA10,2025-11-09T00:48:23.301308Z,0.48,1023,no,cf53f290-4fe5-4c7f-72f7-16698c6c8b23
KXNCAAFSPREAD-25NOV08LSUALA-ALA10,2025-11-09T00:48:09.382691Z,0.49,19,yes,e1a442ea-d50e-6667-b29a-2e2c53df2113
KXNCAAFSPREAD-25NOV08LSUALA-ALA10,2025-11-09T00:48:06.638968Z,0.49,23,yes,b46523b6-715e-5b57-2c42-5a820ffd4673
KXNCAAFSPREAD-25NOV08LSUALA-ALA10,2025-11-09T00:48:06.638968Z,0.49,8,yes,95164f62-55ba-57d5-1c9f-4f598e7f2fad
KXNCAAFSPREAD-25NOV08LSUALA-ALA10,2025-11-09T00:48:06.638968Z,0.49,166,yes,70b9037d-7846-5d0e-3d23-fccaf9a676c4
KXNCAAFSPREAD-25NOV08LSUALA-ALA10,2025-11-09T00:48:01.940842Z,0.48,93,no,fafd2c5c-ec53-751c-c80b-4a5d04b34158
KXNCAAFSPREAD-25NOV08LSUALA-ALA10,2025-11-09T00:47:57.690114Z,0.47,10,no,376ca2e8-d104-4986-02a9-850e696bc824
KXNCAAFSPREAD-25NOV08LSUALA-ALA10,2025-11-09T00:47:53.041494Z,0.48,160,yes,d91b7a39-73de-6851-9bce-004d4fd6a4b6
KXNCAAFSPREAD-25NOV08LSUALA-ALA10,2025-11-09T00:47:49.771381Z,0.48,100,yes,be571a4f-7c66-625d-e589-c61c313a8e52
KXNCAAFSPREAD-25NOV08LSUALA-ALA10,2025-11-09T00:47:02.601421Z,0.45,176,no,67d501a7-6c49-7bab-5871-b4830a80137f
KXNCAAFSPREAD-25NOV08LSUALA-ALA10,2025-11-09T00:46:16.768072Z,0.45,176,no,dc0c9fb2-c6b0-709b-2b04-9c2b4421baee
KXNCAAFSPREAD-25NOV08LSUALA-ALA10,2025-11-09T00:46:13.008447Z,0.47,34,yes,57c1ba3c-e8a9-454f-a4be-ac496ee79633
KXNCAAFSPREAD-25NOV08LSUALA-ALA10,2025-11-09T00:46:13.008447Z,0.48,30,yes,1b6eb5ba-f922-4ea5-aea7-72a0ae10ad46
KXNCAAFSPREAD-25NOV08LSUALA-ALA10,2025-11-09T00:46:01.004989Z,0.48,38,yes,89ba4dd7-8a8a-56e1-d244-ba92eeab936e
KXNCAAFSPREAD-25NOV08LSUALA-ALA10,2025-11-09T00:45:13.82157Z,0.49,59,yes,f75eed97-1e4e-684a-2b86-35f919bc8d38
KXNCAAFSPREAD-25NOV08LSUALA-ALA10,2025-11-09T00:45:04.922372Z,0.49,170,yes,d0c7d445-ef62-577e-e47e-8ea89a05e090
KXNCAAFSPREAD-25NOV08LSUALA-ALA10,2025-11-09T00:45:04.922372Z,0.48,72,yes,98fe6922-ca63-5a28-c436-ef9b3e8ca1a8
KXNCAAFSPREAD-25NOV08LSUALA-ALA10,2025-11-09T00:45:04.922372Z,0.49,50,yes,7f7e7e8f-b163-57bb-f1a6-a38f90626258
KXNCAAFSPREAD-25NOV08LSUALA-ALA10,2025-11-09T00:45:04.922372Z,0.48,5,yes,782bc6d2-875a-582f-fe81-ddff0d5e1436
KXNCAAFSPREAD-25NOV08LSUALA-ALA10,2025-11-09T00:44:18.191982Z,0.47,5,yes,1fab3ffc-d3fc-7173-89cb-289bdeffb5ed
KXNCAAFSPREAD-25NOV08LSUALA-ALA10,2025-11-09T00:43:47.539174Z,0.47,205,yes,fcd31825-c780-46c3-31a9-2860421d3465
KXNCAAFSPREAD-25NOV08LSUALA-ALA10,2025-11-09T00:43:33.791494Z,0.47,30,yes,035041ec-cbbc-46cf-3558-286c51197e0d
KXNCAAFSPREAD-25NOV08LSUALA-ALA10,2025-11-09T00:43:21.470799Z,0.47,10,yes,2053059f-00b4-7e17-bd66-a25ca89fa78d
KXNCAAFSPREAD-25NOV08LSUALA-ALA10,2025-11-09T00:43:05.88242Z,0.46,20,yes,93feff4a-4838-749f-651c-b68010cb31b4
KXNCAAFSPREAD-25NOV08LSUALA-ALA10,2025-11-09T00:42:27.612206Z,0.46,117,yes,7360aa52-dfd6-4662-e393-e691d904fe7f
KXNCAAFSPREAD-25NOV08LSUALA-ALA10,2025-11-09T00:41:54.382525Z,0.44,7062,no,f01fbb2b-1eb6-6ab2-e2e1-0bc41fc81ae8
KXNCAAFSPREAD-25NOV08LSUALA-ALA10,2025-11-09T00:41:54.382525Z,0.45,41,no,aba49b35-4df7-667d-d722-79d05ee7bbfa
KXNCAAFSPREAD-25NOV08LSUALA-ALA10,2025-11-09T00:41:32.816767Z,0.47,10,yes,6d2ff9a5-f36c-6bcf-63f4-bac594f85629
KXNCAAFSPREAD-25NOV08LSUALA-ALA10,2025-11-09T00:41:14.915976Z,0.47,1,yes,4943832c-2d18-760b-9d11-8e3a7d33123d
KXNCAAFSPREAD-25NOV08LSUALA-ALA10,2025-11-09T00:41:13.635371Z,0.47,16,yes,79eeac02-4b18-70cf-9dcf-0b986e94fc31
KXNCAAFSPREAD-25NOV08LSUALA-ALA10,2025-11-09T00:40:53.524581Z,0.46,150,no,4fba1b14-e884-77d4-99a7-bf869a80a380
KXNCAAFSPREAD-25NOV08LSUALA-ALA10,2025-11-09T00:39:59.803759Z,0.47,52,yes,68a81096-e144-6a9f-682e-195862a6b69d
KXNCAAFSPREAD-25NOV08LSUALA-ALA10,2025-11-09T00:39:52.77157Z,0.46,113,no,6e2868dc-679c-6ca4-04f9-b7b9a7da1fb0
KXNCAAFSPREAD-25NOV08LSUALA-ALA10,2025-11-09T00:39:40.617412Z,0.47,41,yes,59da585c-b5ac-7877-85b4-6017756b7129
KXNCAAFSPREAD-25NOV08LSUALA-ALA10,2025-11-09T00:39:24.417002Z,0.47,20,yes,4af52855-64c4-638f-5aa7-025a098ef9c9
KXNCAAFSPREAD-25NOV08LSUALA-ALA10,2025-11-09T00:39:01.073901Z,0.47,205,yes,52fa0ae5-8944-53e3-fd2b-a0e50ca4b589
KXNCAAFSPREAD-25NOV08LSUALA-ALA10,2025-11-09T00:38:52.796283Z,0.47,20,yes,139146a1-d1b4-6017-10d3-0c25416c5189
KXNCAAFSPREAD-25NOV08LSUALA-ALA10,2025-11-09T00:38:48.830426Z,0.46,13,no,ba08c7b4-133c-7094-da4a-b186a2c3217b
KXNCAAFSPREAD-25NOV08LSUALA-ALA10,2025-11-09T00:38:48.830426Z,0.46,13,no,6aba3552-75e8-75cc-c62b-47bb130502e0
KXNCAAFSPREAD-25NOV08LSUALA-ALA10,2025-11-09T00:38:32.108122Z,0.47,307,yes,101bf24d-95dc-51cb-95e3-62a59c224059
KXNCAAFSPREAD-25NOV08LSUALA-ALA10,2025-11-09T00:38:11.650308Z,0.46,2529,no,88cb52ff-e4dc-71b0-0bc9-286a24f7f414
KXNCAAFSPREAD-25NOV08LSUALA-ALA10,2025-11-09T00:37:21.51278Z,0.46,61,no,96151683-040f-5abe-c9f0-a81f988cae70
KXNCAAFSPREAD-25NOV08LSUALA-ALA10,2025-11-09T00:37:21.51278Z,0.46,208,no,734f2219-90fc-5998-ebe6-53bc421f9794
KXNCAAFSPREAD-25NOV08LSUALA-ALA10,2025-11-09T00:37:20.663397Z,0.47,21,yes,6800cc0d-66f4-4a3b-ef7a-4a41e8c8cf35
KXNCAAFSPREAD-25NOV08LSUALA-ALA10,2025-11-09T00:37:17.665863Z,0.46,44,no,ed43f9b7-9b68-71b8-8bc8-a4d776ea2a38
KXNCAAFSPREAD-25NOV08LSUALA-ALA10,2025-11-09T00:36:50.765068Z,0.47,41,yes,24c01f11-6ebc-431b-a4b7-b23307500ec9
KXNCAAFSPREAD-25NOV08LSUALA-ALA10,2025-11-09T00:36:17.543773Z,0.47,27,no,7020ab61-1e94-493c-5254-3c5271cca019
KXNCAAFSPREAD-25NOV08LSUALA-ALA10,2025-11-09T00:36:11.248994Z,0.47,26,no,39c8f2d8-5afc-6ed0-3dab-0ec1d1cb9f15
KXNCAAFSPREAD-25NOV08LSUALA-ALA10,2025-11-09T00:36:10.77503Z,0.48,70,yes,7fe5dc3f-d924-52ae-0953-9728ec905417
KXNCAAFSPREAD-25NOV08LSUALA-ALA10,2025-11-09T00:36:04.264223Z,0.49,14,yes,5018b83c-440e-6b04-de82-ff1ed91d3f28
KXNCAAFSPREAD-25NOV08LSUALA-ALA10,2025-11-09T00:36:04.264223Z,0.48,186,yes,0b890e83-e512-64d0-e608-ff7dfc29874b
KXNCAAFSPREAD-25NOV08LSUALA-ALA10,2025-11-09T00:35:57.588798Z,0.46,19,no,4485f21a-c7e4-6c70-821e-3cbc4086b8f0
KXNCAAFSPREAD-25NOV08LSUALA-ALA10,2025-11-09T00:35:44.991678Z,0.46,28,no,578143a2-c748-6ec4-baca-b1554da7aab4
KXNCAAFSPREAD-25NOV08LSUALA-ALA10,2025-11-09T00:35:44.205753Z,0.46,53,no,268a4c2a-2e60-6744-d8ed-c1e334549fec
KXNCAAFSPREAD-25NOV08LSUALA-ALA10,2025-11-09T00:35:17.643367Z,0.49,197,yes,c7934d54-e636-7aec-bf66-5a6158e33a00
KXNCAAFSPREAD-25NOV08LSUALA-ALA10,2025-11-09T00:35:13.166178Z,0.46,269,no,2f433312-6090-4460-4a80-979d34a42460
KXNCAAFSPREAD-25NOV08LSUALA-ALA10,2025-11-09T00:34:15.793558Z,0.46,10,no,753ff350-85c8-4d40-76d2-caa868ebdd90
KXNCAAFSPREAD-25NOV08LSUALA-ALA10,2025-11-09T00:33:31.268595Z,0.47,222,no,bbbdbd3b-79d3-5b68-082b-5a079913011a
KXNCAAFSPREAD-25NOV08LSUALA-ALA10,2025-11-09T00:33:20.74605Z,0.47,548,no,7d117399-2b37-40f0-03b5-e4ac6cd634c2
KXNCAAFSPREAD-25NOV08LSUALA-ALA10,2025-11-09T00:32:59.144735Z,0.49,20,yes,e1e7a3a9-0142-6640-1e84-c8f0d9076ac8
KXNCAAFSPREAD-25NOV08LSUALA-ALA10,2025-11-09T00:32:47.220509Z,0.47,179,no,f401b378-2237-7618-c45f-5e0a48f9236a
KXNCAAFSPREAD-25NOV08LSUALA-ALA10,2025-11-09T00:32:25.293093Z,0.49,29,yes,50b464bd-5c7e-7b80-7c13-d2f0a987ba2c
KXNCAAFSPREAD-25NOV08LSUALA-ALA10,2025-11-09T00:32:16.999381Z,0.49,19,yes,9d24c7a2-3c7e-622c-0305-9ca256cce3a4
KXNCAAFSPREAD-25NOV08LSUALA-ALA10,2025-11-09T00:31:41.021472Z,0.49,54,yes,bc906ef0-c06a-5a7c-6f01-fb010a745ba8
KXNCAAFSPREAD-25NOV08LSUALA-ALA10,2025-11-09T00:31:25.046995Z,0.49,49,yes,e62d680a-1b76-514c-fb98-4c42ec276764
KXNCAAFSPREAD-25NOV08LSUALA-ALA10,2025-11-09T00:31:04.75479Z,0.47,36,no,d91b392d-6ceb-40f0-1f88-b3f37b0c814e
KXNCAAFSPREAD-25NOV08LSUALA-ALA10,2025-11-09T00:31:03.293819Z,0.47,221,no,1ca0d601-976f-4fb8-d955-317ea0a7ec86
KXNCAAFSPREAD-25NOV08LSUALA-ALA10,2025-11-09T00:30:56.809203Z,0.47,50,no,6bb0d223-135f-6178-3adf-74009f0ba086
KXNCAAFSPREAD-25NOV08LSUALA-ALA10,2025-11-09T00:30:24.758462Z,0.47,9,no,9f906202-da13-7ed8-3c97-777ee61679c6
KXNCAAFSPREAD-25NOV08LSUALA-ALA10,2025-11-09T00:29:37.332507Z,0.48,20,yes,d84ff8cf-a493-7464-ec89-aae9f7c34b55
KXNCAAFSPREAD-25NOV08LSUALA-ALA10,2025-11-09T00:29:04.358123Z,0.49,20,yes,c6b3f5f7-867a-6208-9506-b526b3fa3934
KXNCAAFSPREAD-25NOV08LSUALA-ALA10,2025-11-09T00:28:41.160367Z,0.48,182,no,46fad7a7-595f-7171-6b9d-87cbeb8ce38e
KXNCAAFSPREAD-25NOV08LSUALA-ALA10,2025-11-09T00:28:15.93005Z,0.49,19,yes,b27d7aea-43e6-4c40-2446-f57b03137cdc
KXNCAAFSPREAD-25NOV08LSUALA-ALA10,2025-11-09T00:28:04.835257Z,0.48,18,no,59e8e789-dcf7-6c85-bdca-e29c77920ee2
KXNCAAFSPREAD-25NOV08LSUALA-ALA10,2025-11-09T00:27:21.949836Z,0.49,985,yes,7dc6420c-46e6-63e0-48fc-7b3a643a9de4
KXNCAAFSPREAD-25NOV08LSUALA-ALA10,2025-11-09T00:27:05.873331Z,0.48,279,no,8a8735f9-7158-71b5-79be-11ef9d496075
KXNCAAFSPREAD-25NOV08LSUALA-ALA10,2025-11-09T00:26:56.65732Z,0.48,651,no,8879e8c9-6a58-6059-c1e8-7a3256bf83dd
KXNCAAFSPREAD-25NOV08LSUALA-ALA10,2025-11-09T00:26:55.687002Z,0.48,46,no,c8b04b55-2554-6009-6c39-26508f388035
KXNCAAFSPREAD-25NOV08LSUALA-ALA10,2025-11-09T00:25:58.155164Z,0.49,394,yes,4e4ce1f2-544e-52e8-100e-92a10e22b1d4
KXNCAAFSPREAD-25NOV08LSUALA-ALA10,2025-11-09T00:25:53.736829Z,0.47,6,no,ec44e9b1-75ef-521e-05a8-caa6813f08d4
KXNCAAFSPREAD-25NOV08LSUALA-ALA10,2025-11-09T00:25:50.709825Z,0.47,131,no,cdb60f8a-19cb-6a26-7891-e0fa92d2635c
KXNCAAFSPREAD-25NOV08LSUALA-ALA10,2025-11-09T00:25:39.65484Z,0.49,128,yes,68c5841b-660e-4ea4-388e-1626f3b593f0
KXNCAAFSPREAD-25NOV08LSUALA-ALA10,2025-11-09T00:25:12.265204Z,0.48,931,no,5b2bfe1c-0baa-4c7e-0eaa-8b331d10cff3
KXNCAAFSPREAD-25NOV08LSUALA-ALA10,2025-11-09T00:24:56.317639Z,0.49,216,yes,ea72857e-9722-7f54-b5eb-213cf7fb5f10
KXNCAAFSPREAD-25NOV08LSUALA-ALA10,2025-11-09T00:24:50.630902Z,0.49,5,yes,695754b8-fc92-4cdc-3def-f239f95a2144
KXNCAAFSPREAD-25NOV08LSUALA-ALA10,2025-11-09T00:24:25.724405Z,0.49,29,yes,31637e2c-93ce-56f0-5d4c-56644c7e3a50
KXNCAAFSPREAD-25NOV08LSUALA-ALA10,2025-11-09T00:24:24.561602Z,0.49,9,yes,ce038578-29d2-6818-21e6-da757c110d80
KXNCAAFSPREAD-25NOV08LSUALA-ALA10,2025-11-09T00:23:59.947152Z,0.48,60,no,243f6f5e-8633-6950-0cba-7eefe8dc68f5
KXNCAAFSPREAD-25NOV08LSUALA-ALA10,2025-11-09T00:23:59.201406Z,0.49,203,yes,5849c316-6eae-541c-4d04-8a889f4eb58c
KXNCAAFSPREAD-25NOV08LSUALA-ALA10,2025-11-09T00:23:41.902442Z,0.48,11,no,0cf7f024-2647-7f78-7f44-666f6eaf5c11
KXNCAAFSPREAD-25NOV08LSUALA-ALA10,2025-11-09T00:23:39.120889Z,0.48,27,no,6dfdf66b-e52f-5850-78c3-dbbc5dc68fa1
KXNCAAFSPREAD-25NOV08LSUALA-ALA10,2025-11-09T00:23:23.496169Z,0.49,21,yes,e4b3da12-39ee-5638-7ea7-6be2e469f0b8
KXNCAAFSPREAD-25NOV08LSUALA-ALA10,2025-11-09T00:23:13.338511Z,0.48,37,no,ebebffff-7897-7668-d87d-c3d755b5c181
KXNCAAFSPREAD-25NOV08LSUALA-ALA10,2025-11-09T00:22:48.716785Z,0.47,522,no,5a2324f0-a053-4b66-891a-16612e386928
KXNCAAFSPREAD-25NOV08LSUALA-ALA10,2025-11-09T00:22:36.906632Z,0.47,3,no,970a6c0a-10cb-5e2e-0795-2c4996bb4978
KXNCAAFSPREAD-25NOV08LSUALA-ALA10,2025-11-09T00:22:26.052866Z,0.49,147,yes,1dd68ca7-d8fa-6164-95a6-c96b08c5dfcc
KXNCAAFSPREAD-25NOV08LSUALA-ALA10,2025-11-09T00:22:21.284684Z,0.48,186,no,e0decbdd-4eb6-7ce8-3866-c6939f7a9fdc
KXNCAAFSPREAD-25NOV08LSUALA-ALA10,2025-11-09T00:22:17.27216Z,0.48,1860,no,fd179ec3-b62e-59a4-39fc-1db0cba8eeac
KXNCAAFSPREAD-25NOV08LSUALA-ALA10,2025-11-09T00:22:16.773615Z,0.48,46,no,393558f0-cb12-4f50-18ad-06af199b6be8
KXNCAAFSPREAD-25NOV08LSUALA-ALA10,2025-11-09T00:22:11.264407Z,0.49,48,yes,c55d9635-6436-75ec-12e8-de33fc8f4310
KXNCAAFSPREAD-25NOV08LSUALA-ALA10,2025-11-09T00:22:00.626173Z,0.49,906,yes,da691c47-7ed2-4a20-eeb0-ffd1ff84be38
KXNCAAFSPREAD-25NOV08LSUALA-ALA10,2025-11-09T00:21:58.389672Z,0.48,5,no,26c45081-25d6-5ecc-9025-8c38d483f628
KXNCAAFSPREAD-25NOV08LSUALA-ALA10,2025-11-09T00:20:21.883461Z,0.48,651,no,6513760e-fdb8-79a7-0ba9-133c384df630
KXNCAAFSPREAD-25NOV08LSUALA-ALA10,2025-11-09T00:20:17.436233Z,0.48,19,no,af97ce05-ae48-555f-1020-76feb3a2f090
KXNCAAFSPREAD-25NOV08LSUALA-ALA10,2025-11-09T00:20:08.570698Z,0.49,98,yes,feedcae7-8aea-54e0-f73f-817e0abd6548
KXNCAAFSPREAD-25NOV08LSUALA-ALA10,2025-11-09T00:20:06.677097Z,0.48,325,no,2372c89d-7e40-4987-c414-282f786a785c
KXNCAAFSPREAD-25NOV08LSUALA-ALA10,2025-11-09T00:19:46.835206Z,0.49,357,yes,2d250a03-9d06-46c0-ec70-7f2379aa7bc4
KXNCAAFSPREAD-25NOV08LSUALA-ALA10,2025-11-09T00:19:31.7818Z,0.47,91,no,94825e60-40c9-65cb-d37b-0034f63fdc79
KXNCAAFSPREAD-25NOV08LSUALA-ALA10,2025-11-09T00:19:31.768651Z,0.47,182,no,5867b77c-865d-69bb-d8c0-8781d81dd91d
KXNCAAFSPREAD-25NOV08LSUALA-ALA10,2025-11-09T00:19:13.673114Z,0.47,200,no,fb054937-7059-490f-2135-49bd0bb85b0d
KXNCAAFSPREAD-25NOV08LSUALA-ALA10,2025-11-09T00:19:13.087552Z,0.47,73,no,019790f5-ca01-7817-b8f6-793637421969
KXNCAAFSPREAD-25NOV08LSUALA-ALA10,2025-11-09T00:18:49.140597Z,0.49,197,yes,9169faac-c73e-620c-f10f-8c3db13263c8
KXNCAAFSPREAD-25NOV08LSUALA-ALA10,2025-11-09T00:18:32.592262Z,0.48,20,yes,a40d183d-786d-4ef2-05a8-073ac9e3c519
KXNCAAFSPREAD-25NOV08LSUALA-ALA10,2025-11-09T00:18:28.853666Z,0.46,12,no,518e18c8-8e58-774b-adcc-6b45b9b910aa
KXNCAAFSPREAD-25NOV08LSUALA-ALA10,2025-11-09T00:17:07.52534Z,0.46,1467,no,c288f347-64ac-687f-c42f-0a1459c3e322
KXNCAAFSPREAD-25NOV08LSUALA-ALA10,2025-11-09T00:17:07.52534Z,0.47,86,no,311a27a4-407f-6650-cc75-ba9a618aec6d
KXNCAAFSPREAD-25NOV08LSUALA-ALA10,2025-11-09T00:16:38.071345Z,0.47,100,no,9e758629-8a00-4639-5fd5-456463700cf3
KXNCAAFSPREAD-25NOV08LSUALA-ALA10,2025-11-09T00:16:23.979686Z,0.46,33,no,528c94df-9c50-74df-fe9e-939b34b92bb2
KXNCAAFSPREAD-25NOV08LSUALA-ALA10,2025-11-09T00:16:23.979686Z,0.47,12,no,2fbedaca-bef2-72bf-c755-edaf4f5d4cd8
KXNCAAFSPREAD-25NOV08LSUALA-ALA10,2025-11-09T00:16:11.080198Z,0.48,20,yes,2d17fb2c-7b7c-7da9-dd71-265e74215845
KXNCAAFSPREAD-25NOV08LSUALA-ALA10,2025-11-09T00:16:07.293439Z,0.48,80,yes,d5833695-7584-5b31-35cf-84ab3b8f8481
KXNCAAFSPREAD-25NOV08LSUALA-ALA10,2025-11-09T00:16:04.690147Z,0.47,10,no,738678ad-1636-775b-28ce-da5f908fa8c0
KXNCAAFSPREAD-25NOV08LSUALA-ALA10,2025-11-09T00:15:48.585983Z,0.49,39,yes,1054c138-11fa-7208-76aa-9ac1d2608864
KXNCAAFSPREAD-25NOV08LSUALA-ALA10,2025-11-09T00:15:26.09282Z,0.48,98,yes,9fef4f02-7c46-67a9-fefe-25b31525bdc6
KXNCAAFSPREAD-25NOV08LSUALA-ALA10,2025-11-09T00:15:06.525776Z,0.47,36,no,2cfcf9e2-cd9d-6c87-1b70-d17531452454
KXNCAAFSPREAD-25NOV08LSUALA-ALA10,2025-11-09T00:14:59.708282Z,0.48,10,yes,a38060ac-1d3b-7735-ab3e-c81e2f852d7a
KXNCAAFSPREAD-25NOV08LSUALA-ALA10,2025-11-09T00:14:51.615821Z,0.47,4,no,c80982f8-27ca-7922-6d3e-82aafc6e5873
KXNCAAFSPREAD-25NOV08LSUALA-ALA10,2025-11-09T00:14:45.572041Z,0.46,89,no,ff6aa2c7-fa10-444f-f339-dd1a6dd884aa
KXNCAAFSPREAD-25NOV08LSUALA-ALA10,2025-11-09T00:14:38.3489Z,0.46,69,no,37aea5ff-7d4c-5c37-9f15-ac26b77e1412
KXNCAAFSPREAD-25NOV08LSUALA-ALA10,2025-11-09T00:14:38.3489Z,0.47,30,no,2058dbb5-625f-55cb-b82e-b94cfb516aba
KXNCAAFSPREAD-25NOV08LSUALA-ALA10,2025-11-09T00:13:58.032111Z,0.49,394,yes,2165f808-a20e-4ff0-fdb1-f7f806310528
KXNCAAFSPREAD-25NOV08LSUALA-ALA10,2025-11-09T00:13:17.34894Z,0.47,4446,no,ac6258e6-1680-6037-c902-d91818da8ad9
KXNCAAFSPREAD-25NOV08LSUALA-ALA10,2025-11-09T00:12:34.422482Z,0.49,23,yes,63e186d1-e16a-5ddc-8130-eebdac290a18
KXNCAAFSPREAD-25NOV08LSUALA-ALA10,2025-11-09T00:12:05.975034Z,0.48,46,no,2cc38063-7c41-5933-4e7d-c77cf0d47b82
KXNCAAFSPREAD-25NOV08LSUALA-ALA10,2025-11-09T00:11:45.726797Z,0.47,20,no,47fbb0db-6998-5c77-937a-b7a95169d401
KXNCAAFSPREAD-25NOV08LSUALA-ALA10,2025-11-09T00:11:37.683085Z,0.48,38,yes,c461c749-e001-6bc0-dcf2-b28af71240c4
KXNCAAFSPREAD-25NOV08LSUALA-ALA10,2025-11-09T00:11:37.683085Z,0.48,62,yes,41cd81db-78cd-6321-fd97-0b22a4cd3187
KXNCAAFSPREAD-25NOV08LSUALA-ALA10,2025-11-09T00:11:24.197701Z,0.48,22,yes,18572013-e819-782c-024e-f31e604f3ed0
KXNCAAFSPREAD-25NOV08LSUALA-ALA10,2025-11-09T00:10:56.200718Z,0.47,8,no,57974bf9-09b8-6f27-a3f4-8cd78bf46c09
KXNCAAFSPREAD-25NOV08LSUALA-ALA10,2025-11-09T00:08:49.482817Z,0.47,73,no,049b8933-d790-4f8f-d5e5-f0074d9c9c21
KXNCAAFSPREAD-25NOV08LSUALA-ALA10,2025-11-09T00:08:38.798032Z,0.47,21,no,6cd680a1-5324-736b-a8af-6da2492c4485
KXNCAAFSPREAD-25NOV08LSUALA-ALA10,2025-11-09T00:08:28.910216Z,0.47,319,no,24a2f0c5-274c-4337-1896-eab391816ee9
KXNCAAFSPREAD-25NOV08LSUALA-ALA10,2025-11-09T00:08:01.337386Z,0.46,21,no,97c798b9-520c-55fb-cde2-58c53cb451a2
KXNCAAFSPREAD-25NOV08LSUALA-ALA10,2025-11-09T00:07:39.973055Z,0.46,35,no,6b5d1667-133c-7d43-bb28-9f7622a8b502
KXNCAAFSPREAD-25NOV08LSUALA-ALA10,2025-11-09T00:07:16.663797Z,0.48,448,yes,63cbbaf9-4d6a-4508-0eeb-98a700b39450
KXNCAAFSPREAD-25NOV08LSUALA-ALA10,2025-11-09T00:07:01.989792Z,0.46,358,no,e2a449dd-fb54-7987-c697-87e7b1d40fc6
KXNCAAFSPREAD-25NOV08LSUALA-ALA10,2025-11-09T00:06:49.555872Z,0.46,110,no,c9970327-f7c0-6a8b-2c83-c002f2626d4e
KXNCAAFSPREAD-25NOV08LSUALA-ALA10,2025-11-09T00:06:36.973157Z,0.48,100,yes,abc0e846-cdb2-5940-b841-9a37433beb20
KXNCAAFSPREAD-25NOV08LSUALA-ALA10,2025-11-09T00:06:15.494114Z,0.48,10,yes,45c6d66c-344a-4950-31d5-baaef534aa74
KXNCAAFSPREAD-25NOV08LSUALA-ALA10,2025-11-09T00:05:55.47016Z,0.46,44,no,5b04043e-1a2c-490b-e3da-81d48d7c8396
KXNCAAFSPREAD-25NOV08LSUALA-ALA10,2025-11-09T00:05:41.4688Z,0.46,89,no,403758d7-0fbc-725b-35b3-ab5efb28f1ee
KXNCAAFSPREAD-25NOV08LSUALA-ALA10,2025-11-09T00:05:16.375687Z,0.48,201,yes,5f17374d-0b8e-580c-7383-3a76ac292a58
KXNCAAFSPREAD-25NOV08LSUALA-ALA10,2025-11-09T00:05:08.976907Z,0.48,50,yes,fa773039-0fa6-78df-1150-7cf8695a280d
KXNCAAFSPREAD-25NOV08LSUALA-ALA10,2025-11-09T00:05:06.598667Z,0.48,201,yes,841b618d-6892-454b-192b-be2b662ddc7d
KXNCAAFSPREAD-25NOV08LSUALA-ALA10,2025-11-09T00:05:05.717955Z,0.46,87,no,57903817-acb8-7697-72db-f6fd1cd8626a
KXNCAAFSPREAD-25NOV08LSUALA-ALA10,2025-11-09T00:05:05.063129Z,0.46,448,no,86e4fbb4-1480-5da7-4dcb-30d440d55ad6
KXNCAAFSPREAD-25NOV08LSUALA-ALA10,2025-11-09T00:05:02.136264Z,0.48,20,yes,bf1f547c-29c2-5cfb-c442-57fed44c2e51
KXNCAAFSPREAD-25NOV08LSUALA-ALA10,2025-11-09T00:04:58.957524Z,0.48,18,yes,5ef70ca2-54f2-7217-b5dd-fe5b77f94b05
KXNCAAFSPREAD-25NOV08LSUALA-ALA10,2025-11-09T00:04:50.969946Z,0.47,3,no,fad660a2-a5cb-77d0-6dc9-a2b2023bc65e
KXNCAAFSPREAD-25NOV08LSUALA-ALA10,2025-11-09T00:04:50.969946Z,0.46,1065,no,ee4dcbb7-8790-7cc3-7690-ee7a94f032ea
KXNCAAFSPREAD-25NOV08LSUALA-ALA10,2025-11-09T00:04:50.969946Z,0.47,193,no,124510f1-5742-7c7a-52bb-0728acbdb001
KXNCAAFSPREAD-25NOV08LSUALA-ALA10,2025-11-09T00:04:46.832285Z,0.48,10,yes,efdb5307-8cee-447f-8732-93dd74ee3115
KXNCAAFSPREAD-25NOV08LSUALA-ALA10,2025-11-09T00:04:35.845464Z,0.48,1407,yes,9371797c-3b46-4d67-4cea-6799e1514719
KXNCAAFSPREAD-25NOV08LSUALA-ALA10,2025-11-09T00:04:35.426546Z,0.46,2,no,9edd5439-e944-7457-b575-0a04af8d636a
KXNCAAFSPREAD-25NOV08LSUALA-ALA10,2025-11-09T00:04:35.426546Z,0.46,5,no,88ca2776-7b9a-7add-bc9c-0dc9f25738b1
KXNCAAFSPREAD-25NOV08LSUALA-ALA10,2025-11-09T00:04:31.436614Z,0.48,20,yes,0fafdb0b-6b82-4cd7-264f-0580a59f9609
KXNCAAFSPREAD-25NOV08LSUALA-ALA10,2025-11-09T00:04:07.912149Z,0.48,180,yes,3b4ca94b-71f2-736f-0040-7f6bdd89d9a5
KXNCAAFSPREAD-25NOV08LSUALA-ALA10,2025-11-09T00:04:03.700928Z,0.48,8,yes,75514f48-e16e-63fb-ee27-7ff3c8e51209
KXNCAAFSPREAD-25NOV08LSUALA-ALA10,2025-11-09T00:03:54.904938Z,0.47,218,no,999bdd2b-1a8c-7101-7c0b-cfc84332a6d9
KXNCAAFSPREAD-25NOV08LSUALA-ALA10,2025-11-09T00:03:14.733755Z,0.48,23,yes,6c107192-ab62-4fe5-c39b-e83847e845a5
KXNCAAFSPREAD-25NOV08LSUALA-ALA10,2025-11-09T00:03:06.467677Z,0.47,68,no,47e33309-92fe-6669-7217-e970c7d36ac3
KXNCAAFSPREAD-25NOV08LSUALA-ALA10,2025-11-09T00:03:02.944222Z,0.48,201,yes,af979251-64e6-475d-f675-b1c8b51ec895
KXNCAAFSPREAD-25NOV08LSUALA-ALA10,2025-11-09T00:02:43.817618Z,0.47,18,no,d5259d3f-9916-490d-417d-e5abcb8edb5f
KXNCAAFSPREAD-25NOV08LSUALA-ALA10,2025-11-09T00:02:42.276472Z,0.48,80,yes,88bc1112-d992-6915-aaa9-31deadf6fc55
KXNCAAFSPREAD-25NOV08LSUALA-ALA10,2025-11-09T00:02:14.481167Z,0.47,411,no,bca5f81a-d586-42e9-548c-5191a77442af
KXNCAAFSPREAD-25NOV08LSUALA-ALA10,2025-11-09T00:02:03.711739Z,0.47,456,no,6e9d64a9-eeda-4099-c5b0-2b2fc6d8aaaf
KXNCAAFSPREAD-25NOV08LSUALA-ALA10,2025-11-09T00:02:01.258109Z,0.48,46,yes,7d82149e-066e-75bd-e459-2f9f7ef2777d
KXNCAAFSPREAD-25NOV08LSUALA-ALA10,2025-11-09T00:02:01.258109Z,0.48,303,yes,24b70aa4-aef1-7373-ec0d-d9cf99f54c26
KXNCAAFSPREAD-25NOV08LSUALA-ALA10,2025-11-09T00:01:40.537509Z,0.47,20,no,3c84bf5e-2ad2-6491-3aa0-42836d5f90af
KXNCAAFSPREAD-25NOV08LSUALA-ALA10,2025-11-09T00:01:30.168753Z,0.47,21,no,a0032ebd-7c2e-5c79-e448-cccfffee58e7
KXNCAAFSPREAD-25NOV08LSUALA-ALA10,2025-11-09T00:00:54.682118Z,0.48,20,yes,2d11115a-e66b-425c-e211-a44bcbc7c347
KXNCAAFSPREAD-25NOV08LSUALA-ALA10,2025-11-09T00:00:42.631385Z,0.47,644,no,70974b08-388e-5155-88db-786bbb4ea51f
KXNCAAFSPREAD-25NOV08LSUALA-ALA10,2025-11-09T00:00:09.190805Z,0.47,730,no,cc850fa2-6bae-61e9-aec2-29d09ab38ad3
KXNCAAFSPREAD-25NOV08LSUALA-ALA10,2025-11-09T00:00:08.303123Z,0.47,91,no,47d5bbfe-7436-658d-7d8a-a330a623493b
KXNCAAFSPREAD-25NOV08LSUALA-ALA10,2025-11-08T23:58:42.156075Z,0.47,79,no,2453fc43-d12a-40b9-8cc7-05455bdb1753
KXNCAAFSPREAD-25NOV08LSUALA-ALA10,2025-11-08T23:58:20.232473Z,0.47,645,no,4793bccd-00ae-4e29-0541-0baee5d4c413
KXNCAAFSPREAD-25NOV08LSUALA-ALA10,2025-11-08T23:58:03.260127Z,0.48,20,yes,b8a62a3d-415b-6e00-7673-9452337479bb
KXNCAAFSPREAD-25NOV08LSUALA-ALA10,2025-11-08T23:58:01.420544Z,0.47,1,no,9562190d-67b2-4697-efeb-e6576925a46c
KXNCAAFSPREAD-25NOV08LSUALA-ALA10,2025-11-08T23:58:00.294673Z,0.47,10,no,b0819021-3b62-71b3-d892-49e72b35acc4
KXNCAAFSPREAD-25NOV08LSUALA-ALA10,2025-11-08T23:57:53.276463Z,0.48,60,yes,562611de-0f13-6a14-628c-8b562b78689b
KXNCAAFSPREAD-25NOV08LSUALA-ALA10,2025-11-08T23:57:20.335597Z,0.47,18,no,688a64e0-2736-41ff-120d-7132048614fc
KXNCAAFSPREAD-25NOV08LSUALA-ALA10,2025-11-08T23:57:15.688915Z,0.47,80,no,7dfd4d0e-1f9e-5d23-090e-3a2c6bc8ca78
KXNCAAFSPREAD-25NOV08LSUALA-ALA10,2025-11-08T23:56:46.108439Z,0.48,10,yes,2bc9282f-fe83-7144-224d-dadb6bd83917
KXNCAAFSPREAD-25NOV08LSUALA-ALA10,2025-11-08T23:56:04.310582Z,0.48,90,yes,b730933e-497b-69ec-e3c3-d87c453b398b
KXNCAAFSPREAD-25NOV08LSUALA-ALA10,2025-11-08T23:56:03.740208Z,0.47,100,no,1214fd52-9806-47bb-f1a3-a9a3745bd954
KXNCAAFSPREAD-25NOV08LSUALA-ALA10,2025-11-08T23:55:22.925542Z,0.47,182,no,86d6ed6b-99c3-7d84-ec90-df6c49f3f24c
KXNCAAFSPREAD-25NOV08LSUALA-ALA10,2025-11-08T23:55:17.291682Z,0.47,36,no,3a81d71d-1073-5b3c-fcdc-01023329ee90
KXNCAAFSPREAD-25NOV08LSUALA-ALA10,2025-11-08T23:54:33.03003Z,0.48,201,yes,993fe2b8-bcc3-4ce0-fc21-914e07e20093
KXNCAAFSPREAD-25NOV08LSUALA-ALA10,2025-11-08T23:53:16.716613Z,0.48,100,yes,dcefe120-9f4f-5e88-c90a-7b708f24f4b7
KXNCAAFSPREAD-25NOV08LSUALA-ALA10,2025-11-08T23:53:10.095255Z,0.48,1005,yes,a75a6e35-3e93-54cc-523d-ba839179821b
KXNCAAFSPREAD-25NOV08LSUALA-ALA10,2025-11-08T23:51:45.425597Z,0.47,36,no,66992af1-e0fb-6494-5bc1-5e2b90e9926c
KXNCAAFSPREAD-25NOV08LSUALA-ALA10,2025-11-08T23:49:31.698128Z,0.49,19,yes,9017714b-fb7e-4af8-4eed-0d53c2e09968
KXNCAAFSPREAD-25NOV08LSUALA-ALA10,2025-11-08T23:49:04.535441Z,0.47,31,no,c7c5aa8a-d4b3-746c-6d73-75e8a375da1c
KXNCAAFSPREAD-25NOV08LSUALA-ALA10,2025-11-08T23:43:31.479933Z,0.46,5,no,a145ff50-875e-5f51-b7f5-845a7ae98ed5
KXNCAAFSPREAD-25NOV08LSUALA-ALA10,2025-11-08T23:42:02.211353Z,0.48,22,no,0f79479c-9f42-6150-cedc-6e171ebee887
KXNCAAFSPREAD-25NOV08LSUALA-ALA10,2025-11-08T23:40:48.332991Z,0.49,61,yes,69374d93-d46e-4148-bec5-727ad06c2d64
KXNCAAFSPREAD-25NOV08LSUALA-ALA10,2025-11-08T23:40:10.123353Z,0.49,49,yes,aa643f99-0f46-60dc-687e-5bb1e8ae0938
KXNCAAFSPREAD-25NOV08LSUALA-ALA10,2025-11-08T23:39:17.428398Z,0.48,515,no,7c13c428-9422-5c5c-e71f-a717c93d974f
KXNCAAFSPREAD-25NOV08LSUALA-ALA10,2025-11-08T23:37:46.475357Z,0.48,20,no,179695a9-a5ba-71cc-1dbe-c9f347f90f8f
KXNCAAFSPREAD-25NOV08LSUALA-ALA10,2025-11-08T23:37:11.531371Z,0.48,46,no,e15423da-9f05-4df1-c600-9945598f2739
KXNCAAFSPREAD-25NOV08LSUALA-ALA10,2025-11-08T23:36:15.567085Z,0.49,98,yes,cb8d8546-6576-57d4-c7e2-9fe30b94e024
KXNCAAFSPREAD-25NOV08LSUALA-ALA10,2025-11-08T23:36:08.612329Z,0.49,65,yes,92063bd2-883e-7304-c27f-e2041633d43c
KXNCAAFSPREAD-25NOV08LSUALA-ALA10,2025-11-08T23:35:10.956597Z,0.49,20,yes,961b5f78-ef9a-4808-cdaa-df98d1726a9c
KXNCAAFSPREAD-25NOV08LSUALA-ALA10,2025-11-08T23:34:49.617758Z,0.49,48,yes,1d48d2b2-c60a-66a8-2a7b-244bfc7ec8ec
KXNCAAFSPREAD-25NOV08LSUALA-ALA10,2025-11-08T23:34:34.623796Z,0.49,59,yes,96ba87f5-4ed6-49ec-994e-17b43f506cb0
KXNCAAFSPREAD-25NOV08LSUALA-ALA10,2025-11-08T23:34:21.295813Z,0.48,37,no,3ec40f67-e0ad-7b1d-d490-ac3ee1921af9
KXNCAAFSPREAD-25NOV08LSUALA-ALA10,2025-11-08T23:34:16.860291Z,0.49,19,yes,63a6f20e-3e42-4e1c-8ab7-cb86c91edbec
KXNCAAFSPREAD-25NOV08LSUALA-ALA10,2025-11-08T23:32:47.888485Z,0.48,19,no,931b1753-f521-5366-11a4-213764a52fa5
KXNCAAFSPREAD-25NOV08LSUALA-ALA10,2025-11-08T23:32:47.888485Z,0.48,63,no,4c3880e7-5cfd-5b41-3f47-4d096f6778e1
KXNCAAFSPREAD-25NOV08LSUALA-ALA10,2025-11-08T23:32:47.888485Z,0.48,20,no,4404951d-0862-550c-3f77-4306a8242787
KXNCAAFSPREAD-25NOV08LSUALA-ALA10,2025-11-08T23:30:34.992822Z,0.49,141,yes,571dac65-46ea-62fc-c945-5b52fdf04ce8
KXNCAAFSPREAD-25NOV08LSUALA-ALA10,2025-11-08T23:30:27.523518Z,0.48,1860,no,b7299190-e4f1-4b26-c241-5881b3b6097c
KXNCAAFSPREAD-25NOV08LSUALA-ALA10,2025-11-08T23:30:25.488786Z,0.48,50,no,5dee3dbc-3851-7a3e-d283-b62b9d541598
KXNCAAFSPREAD-25NOV08LSUALA-ALA10,2025-11-08T23:30:19.802614Z,0.49,5,yes,96a90a0f-2f3a-4990-957c-a3c6fd780cc0
KXNCAAFSPREAD-25NOV08LSUALA-ALA10,2025-11-08T23:29:11.437342Z,0.49,3,yes,0dab9df0-d39e-7150-7ce5-ad6f0023736c
KXNCAAFSPREAD-25NOV08LSUALA-ALA10,2025-11-08T23:26:12.838476Z,0.48,48,no,8167c31c-d459-796e-658f-734f71e12584
KXNCAAFSPREAD-25NOV08LSUALA-ALA10,2025-11-08T23:25:39.266061Z,0.47,271,yes,ecb5c21e-bc3e-5a1a-236f-b3aedf650ff0
KXNCAAFSPREAD-25NOV08LSUALA-ALA10,2025-11-08T23:25:39.266061Z,0.49,4642,yes,d8347a33-52d5-50fa-0cba-42b86a26074a
KXNCAAFSPREAD-25NOV08LSUALA-ALA10,2025-11-08T23:25:39.266061Z,0.49,3887,yes,c80420fe-7f9a-5a78-3650-59d9c8cd3a70
KXNCAAFSPREAD-25NOV08LSUALA-ALA10,2025-11-08T23:25:39.266061Z,0.48,20,yes,b1cb96c1-bd31-5b88-3b23-cc15e26b8937
KXNCAAFSPREAD-25NOV08LSUALA-ALA10,2025-11-08T23:25:39.266061Z,0.48,7303,yes,7851c692-4b3b-5b1f-3df4-652f23142275
KXNCAAFSPREAD-25NOV08LSUALA-ALA10,2025-11-08T23:25:39.266061Z,0.48,249,yes,664ebc13-cba2-58b8-3e71-c6055de8d097
KXNCAAFSPREAD-25NOV08LSUALA-ALA10,2025-11-08T23:25:39.266061Z,0.47,2898,yes,49f74f26-d782-5abf-15ec-4214754879a5
KXNCAAFSPREAD-25NOV08LSUALA-ALA10,2025-11-08T23:25:39.266061Z,0.48,723,yes,0ec04c70-32a9-568f-3c5f-b185993581e2
KXNCAAFSPREAD-25NOV08LSUALA-ALA10,2025-11-08T23:25:14.600779Z,0.47,102,yes,c59ee5b8-ab56-7af7-502d-5441ab2a98b9
KXNCAAFSPREAD-25NOV08LSUALA-ALA10,2025-11-08T23:21:22.678679Z,0.47,10,no,913bc06c-350e-482f-6204-78a6bdbffd45
KXNCAAFSPREAD-25NOV08LSUALA-ALA10,2025-11-08T23:21:19.885051Z,0.48,301,yes,08a6b556-b0f6-6624-0f0a-55e60ac82293
KXNCAAFSPREAD-25NOV08LSUALA-ALA10,2025-11-08T23:19:39.089064Z,0.48,16,no,7c84ff63-0c00-6d76-3256-dac3be8009ee
KXNCAAFSPREAD-25NOV08LSUALA-ALA10,2025-11-08T23:19:37.430501Z,0.48,37,no,6b4ce623-679c-75f2-a0c3-49be54ae09e6
KXNCAAFSPREAD-25NOV08LSUALA-ALA10,2025-11-08T23:19:11.685828Z,0.48,697,no,c66843db-d8ec-5b4a-8e19-527e27c39166
KXNCAAFSPREAD-25NOV08LSUALA-ALA10,2025-11-08T23:18:39.182347Z,0.48,1080,no,d5e9b35c-2828-621e-a8d4-0e5ccf72df72
KXNCAAFSPREAD-25NOV08LSUALA-ALA10,2025-11-08T23:18:39.182347Z,0.48,50,no,6a3bae45-c02f-64b4-a1e4-fae6171a145e
KXNCAAFSPREAD-25NOV08LSUALA-ALA10,2025-11-08T23:18:39.182347Z,0.48,3870,no,07a9a041-652e-64b7-813b-0f7fa3c0f723
KXNCAAFSPREAD-25NOV08LSUALA-ALA10,2025-11-08T23:17:39.332708Z,0.48,465,no,ade24b67-ff0a-5f5f-9a82-e22fc4bb0a7b
KXNCAAFSPREAD-25NOV08LSUALA-ALA10,2025-11-08T23:17:03.828337Z,0.49,9,yes,10d595a9-2465-6686-d222-e64e015307ea
KXNCAAFSPREAD-25NOV08LSUALA-ALA10,2025-11-08T23:16:38.050244Z,0.49,17,yes,b9be6f30-fc89-62fe-1b7b-cb5abd6b9426
KXNCAAFSPREAD-25NOV08LSUALA-ALA10,2025-11-08T23:16:35.465446Z,0.49,39,yes,6e3a9fc2-5ed1-67de-d37a-293e4f558252
KXNCAAFSPREAD-25NOV08LSUALA-ALA10,2025-11-08T23:15:28.073229Z,0.48,688,no,3478569c-f8e2-631b-fdb5-1310b82238d3
KXNCAAFSPREAD-25NOV08LSUALA-ALA10,2025-11-08T23:14:46.314122Z,0.49,95,yes,c3561ae2-7199-574e-bab6-97a6436d62d6
KXNCAAFSPREAD-25NOV08LSUALA-ALA10,2025-11-08T23:14:11.551376Z,0.49,19,yes,cb2681e0-1085-5216-5aab-226d134993a6
KXNCAAFSPREAD-25NOV08LSUALA-ALA10,2025-11-08T23:13:41.120725Z,0.48,110,no,ba9df6ef-a7ca-673b-ff32-498ef62245eb
KXNCAAFSPREAD-25NOV08LSUALA-ALA10,2025-11-08T23:12:45.685254Z,0.48,930,no,c40bbd4d-b8a6-450b-7e94-8dcb9119281f
KXNCAAFSPREAD-25NOV08LSUALA-ALA10,2025-11-08T23:11:09.068957Z,0.48,46,no,63ef4441-29ee-4db7-0371-ff670ce1b517
KXNCAAFSPREAD-25NOV08LSUALA-ALA10,2025-11-08T23:10:22.283184Z,0.49,98,yes,a90fd493-b679-48a2-78c5-c0a3c5c9b052
KXNCAAFSPREAD-25NOV08LSUALA-ALA10,2025-11-08T23:10:05.209726Z,0.48,102,no,ff538c5c-bf4e-7ac3-551c-bbdc1941b23b
KXNCAAFSPREAD-25NOV08LSUALA-ALA10,2025-11-08T23:09:38.187333Z,0.48,20,no,bb9d9899-bcbe-562f-c06b-b2b5471109f3
KXNCAAFSPREAD-25NOV08LSUALA-ALA10,2025-11-08T23:09:05.693782Z,0.49,197,yes,b0ed3e44-a8e9-576a-4d62-bf31d599a61a
KXNCAAFSPREAD-25NOV08LSUALA-ALA10,2025-11-08T23:08:41.848762Z,0.48,93,no,0e514644-3aa2-7f7b-6450-03409483d65b
KXNCAAFSPREAD-25NOV08LSUALA-ALA10,2025-11-08T23:07:53.239398Z,0.48,46,no,8888d882-221a-6ce7-1386-ca4733b77887
KXNCAAFSPREAD-25NOV08LSUALA-ALA10,2025-11-08T23:06:51.75512Z,0.49,192,yes,7dc581a7-7655-4e3a-35e6-0b3b63a9273a
KXNCAAFSPREAD-25NOV08LSUALA-ALA10,2025-11-08T23:06:48.070633Z,0.49,1200,yes,ae56c302-186d-714a-7424-d9bb93bd6f62
KXNCAAFSPREAD-25NOV08LSUALA-ALA10,2025-11-08T23:05:40.182538Z,0.48,744,no,e302c061-fc4a-6f3f-2d41-0c0fa894ab2b
KXNCAAFSPREAD-25NOV08LSUALA-ALA10,2025-11-08T23:03:38.129512Z,0.49,49,yes,ff6587b3-5a95-4842-87fb-6a141aa6c612
KXNCAAFSPREAD-25NOV08LSUALA-ALA10,2025-11-08T23:01:31.66388Z,0.48,18,no,c5d26f38-5436-545f-8bde-4f8c1e763413
KXNCAAFSPREAD-25NOV08LSUALA-ALA10,2025-11-08T23:00:48.352885Z,0.48,14,no,1eef0f30-147a-4f6f-9cd9-e68203f2e6e3
KXNCAAFSPREAD-25NOV08LSUALA-ALA10,2025-11-08T22:59:14.206717Z,0.49,39,yes,bdf3d57b-8d19-7ae2-d665-935762b621d6
KXNCAAFSPREAD-25NOV08LSUALA-ALA10,2025-11-08T22:57:48.962042Z,0.48,18,no,a6a18027-803e-7dab-bbff-3cc5fe4b0603
KXNCAAFSPREAD-25NOV08LSUALA-ALA10,2025-11-08T22:55:34.457795Z,0.49,19,yes,ddfa14ac-c251-7992-2150-24db9c9a1dda
KXNCAAFSPREAD-25NOV08LSUALA-ALA10,2025-11-08T22:54:20.780081Z,0.49,92,yes,8600a0a1-1b21-7e0a-ba79-59a2273362ca
KXNCAAFSPREAD-25NOV08LSUALA-ALA10,2025-11-08T22:54:08.552399Z,0.49,59,yes,4d243b65-92d1-6d2e-981d-491dcbaa028a
KXNCAAFSPREAD-25NOV08LSUALA-ALA10,2025-11-08T22:53:31.478533Z,0.48,558,no,2af9ecd4-e202-7627-3d19-abd970485927
KXNCAAFSPREAD-25NOV08LSUALA-ALA10,2025-11-08T22:52:34.794698Z,0.49,231,yes,d2d70cc6-38f9-59e6-cae8-24d6505cf946
KXNCAAFSPREAD-25NOV08LSUALA-ALA10,2025-11-08T22:50:59.031235Z,0.48,46,no,3a8cf423-8372-7553-5d8e-9accfde35097
KXNCAAFSPREAD-25NOV08LSUALA-ALA10,2025-11-08T22:50:36.692273Z,0.49,98,yes,c1dda9da-a1a1-6b52-0d7f-dd7c598f54be
KXNCAAFSPREAD-25NOV08LSUALA-ALA10,2025-11-08T22:50:30.056283Z,0.49,28,yes,906d6293-bc95-62e6-662f-660c5dfcd106
KXNCAAFSPREAD-25NOV08LSUALA-ALA10,2025-11-08T22:50:19.842172Z,0.48,27,no,87c8e9c6-9822-7777-52e3-8a507b5aa11b
KXNCAAFSPREAD-25NOV08LSUALA-ALA10,2025-11-08T22:49:07.245092Z,0.48,44,no,a99e60e1-022e-4193-4ca2-7f9de13a825b
KXNCAAFSPREAD-25NOV08LSUALA-ALA10,2025-11-08T22:48:47.543548Z,0.49,49,yes,97299efb-6ed9-6fb2-ed7f-b2e593b74b72
KXNCAAFSPREAD-25NOV08LSUALA-ALA10,2025-11-08T22:46:06.553616Z,0.49,98,yes,e0bbfce2-6191-4442-5728-a2dfe4c968d6
KXNCAAFSPREAD-25NOV08LSUALA-ALA10,2025-11-08T22:45:54.399005Z,0.48,73,no,51ef93eb-faf6-42f3-6e10-78d007dd5117
KXNCAAFSPREAD-25NOV08LSUALA-ALA10,2025-11-08T22:44:02.14336Z,0.48,93,no,7f67f50b-6d6a-7913-bfa1-2e6cf67c3047
KXNCAAFSPREAD-25NOV08LSUALA-ALA10,2025-11-08T22:43:33.149906Z,0.48,15,no,1fa18065-1f86-79eb-84cb-3eee39876fbf
KXNCAAFSPREAD-25NOV08LSUALA-ALA10,2025-11-08T22:42:00.895657Z,0.49,9,yes,c7973d34-b1d9-4842-ad78-a7cf7725304a
KXNCAAFSPREAD-25NOV08LSUALA-ALA10,2025-11-08T22:39:51.735595Z,0.48,13,no,f8641145-ab86-49b3-89f2-8e7099683b73
KXNCAAFSPREAD-25NOV08LSUALA-ALA10,2025-11-08T22:39:20.000385Z,0.48,1888,no,ea3268f3-f8ee-667b-b428-7402a889cbcf
KXNCAAFSPREAD-25NOV08LSUALA-ALA10,2025-11-08T22:37:43.469456Z,0.48,10,no,0b9fc224-46ae-7c93-5317-68a18f556bfb
KXNCAAFSPREAD-25NOV08LSUALA-ALA10,2025-11-08T22:37:11.797728Z,0.49,216,yes,9dab33c8-4a49-48f2-8e9d-b43693a109e6
KXNCAAFSPREAD-25NOV08LSUALA-ALA10,2025-11-08T22:33:54.131456Z,0.49,394,yes,003f72f2-b115-49fe-54a1-f3ccba48a24e
KXNCAAFSPREAD-25NOV08LSUALA-ALA10,2025-11-08T22:30:58.822886Z,0.49,19,yes,67327c0a-fe8d-471e-379e-7b6bd9652ed2
KXNCAAFSPREAD-25NOV08LSUALA-ALA10,2025-11-08T22:30:05.748655Z,0.48,18,no,579cff7a-019a-6a97-7bb3-741fb242f653
KXNCAAFSPREAD-25NOV08LSUALA-ALA10,2025-11-08T22:30:01.395887Z,0.48,46,no,10f347eb-a802-79e3-cf98-5966d0e6047f
KXNCAAFSPREAD-25NOV08LSUALA-ALA10,2025-11-08T22:29:45.420356Z,0.49,9,yes,98d45bca-18dd-4f3a-98f9-d89a00fe73ea
KXNCAAFSPREAD-25NOV08LSUALA-ALA10,2025-11-08T22:29:24.813507Z,0.48,48,no,c97a3c37-e9e3-531f-d2f7-48c024e81423
KXNCAAFSPREAD-25NOV08LSUALA-ALA10,2025-11-08T22:29:24.813507Z,0.48,5,no,7fcbd754-01be-5f4b-dc3e-e19ed5294f5b
KXNCAAFSPREAD-25NOV08LSUALA-ALA10,2025-11-08T22:29:24.813507Z,0.48,34,no,771f5f7e-d8ca-5717-fa3e-d3058029628f
KXNCAAFSPREAD-25NOV08LSUALA-ALA10,2025-11-08T22:29:24.813507Z,0.48,22,no,543ce7bc-61e0-5239-ec39-6af3c082d4d0
KXNCAAFSPREAD-25NOV08LSUALA-ALA10,2025-11-08T22:28:02.397694Z,0.49,15,yes,ca92513c-c34d-540e-8aa9-46df02ac14d2
KXNCAAFSPREAD-25NOV08LSUALA-ALA10,2025-11-08T22:26:40.253927Z,0.49,165,yes,8e34acb7-cc95-794a-14f9-cadd8057dace
KXNCAAFSPREAD-25NOV08LSUALA-ALA10,2025-11-08T22:26:40.253927Z,0.49,469,yes,7ca1a0cf-c679-73a3-037c-e250dbf66447
KXNCAAFSPREAD-25NOV08LSUALA-ALA10,2025-11-08T22:24:09.674505Z,0.48,18,no,d2c267c4-0be4-59c0-ddb1-2fe117712616
KXNCAAFSPREAD-25NOV08LSUALA-ALA10,2025-11-08T22:23:59.378945Z,0.48,18,no,b608b7d7-2704-67c0-79ee-cbbc90c560b6
KXNCAAFSPREAD-25NOV08LSUALA-ALA10,2025-11-08T22:21:06.543538Z,0.48,10,no,65e61a7c-3b38-7270-29b6-da38c38bec9a
KXNCAAFSPREAD-25NOV08LSUALA-ALA10,2025-11-08T22:18:19.520003Z,0.49,202,yes,aa65b935-8fe9-605f-93ea-35fac569271f
KXNCAAFSPREAD-25NOV08LSUALA-ALA10,2025-11-08T22:17:10.543447Z,0.48,18,no,47da8ad3-a5a0-7830-b507-92a0a91327b6
KXNCAAFSPREAD-25NOV08LSUALA-ALA10,2025-11-08T22:16:37.668167Z,0.48,204,no,c5c04190-d494-55b8-c64d-44cbce640642
KXNCAAFSPREAD-25NOV08LSUALA-ALA10,2025-11-08T22:14:09.985348Z,0.49,96,yes,ddc6546d-d091-6243-6e58-32a8d7a1af43
KXNCAAFSPREAD-25NOV08LSUALA-ALA10,2025-11-08T22:12:53.481563Z,0.49,23,yes,230814f8-64f1-5683-28c2-8decbb794d43
KXNCAAFSPREAD-25NOV08LSUALA-ALA10,2025-11-08T22:12:07.498607Z,0.49,39,yes,8b0ec888-9fe5-51a7-fba2-d883d4c4b01f
KXNCAAFSPREAD-25NOV08LSUALA-ALA10,2025-11-08T22:12:07.309588Z,0.49,19,yes,55ba7d8d-5675-439b-c90f-51582b850877
KXNCAAFSPREAD-25NOV08LSUALA-ALA10,2025-11-08T22:12:01.988306Z,0.48,143,no,a2000fb1-3d00-5914-211e-816cf2b1a46a
KXNCAAFSPREAD-25NOV08LSUALA-ALA10,2025-11-08T22:11:58.391712Z,0.49,9,yes,a69e2fc8-c695-7beb-23a7-4ed73438bf37
KXNCAAFSPREAD-25NOV08LSUALA-ALA10,2025-11-08T22:11:11.100495Z,0.49,19,yes,87fecc68-884d-77df-12b0-deb9009f1547
KXNCAAFSPREAD-25NOV08LSUALA-ALA10,2025-11-08T22:09:26.14633Z,0.48,93,no,2d3be1a5-ed70-5d60-3c9c-ad51aa86f9fa
KXNCAAFSPREAD-25NOV08LSUALA-ALA10,2025-11-08T22:06:31.273759Z,0.49,6,yes,028cef6d-e059-5c5b-8ff7-86efa52b57eb
KXNCAAFSPREAD-25NOV08LSUALA-ALA10,2025-11-08T22:04:32.816086Z,0.48,74,no,b6655c56-e4e0-4cc4-9dcd-7615c1560d42
KXNCAAFSPREAD-25NOV08LSUALA-ALA10,2025-11-08T22:01:54.125188Z,0.48,91,no,223ca88f-d344-7b78-5c3f-8b478cf5c642
KXNCAAFSPREAD-25NOV08LSUALA-ALA10,2025-11-08T21:58:11.368764Z,0.48,10000,no,ae5b6402-43e1-7212-a7a9-d849b8188033
KXNCAAFSPREAD-25NOV08LSUALA-ALA10,2025-11-08T21:55:03.339475Z,0.48,109,no,48f8d867-b779-73f6-26f4-925d452094cf
KXNCAAFSPREAD-25NOV08LSUALA-ALA10,2025-11-08T21:54:25.070747Z,0.48,18,no,92f64484-a6c9-6ae6-9e40-d5f6fb018cbf
KXNCAAFSPREAD-25NOV08LSUALA-ALA10,2025-11-08T21:53:54.738511Z,0.48,9,no,c05dd3d1-5ac9-41c6-19da-fd34eb82d40b
KXNCAAFSPREAD-25NOV08LSUALA-ALA10,2025-11-08T21:49:41.590904Z,0.49,98,yes,323935ce-1f05-69d7-783f-d624dc8c6327
KXNCAAFSPREAD-25NOV08LSUALA-ALA10,2025-11-08T21:46:15.291816Z,0.48,40,no,0b5ecf72-2245-7226-7103-c5950caaa7c7
KXNCAAFSPREAD-25NOV08LSUALA-ALA10,2025-11-08T21:44:21.471119Z,0.48,18,no,1fff347b-d119-5792-38a2-3ff2109ee4a7
KXNCAAFSPREAD-25NOV08LSUALA-ALA10,2025-11-08T21:43:35.073262Z,0.48,9,no,96d6988d-3f25-73c6-ca34-2090486efc93
KXNCAAFSPREAD-25NOV08LSUALA-ALA10,2025-11-08T21:43:32.912023Z,0.48,2,no,7e4b6145-8025-74f2-780b-933e19626283
KXNCAAFSPREAD-25NOV08LSUALA-ALA10,2025-11-08T21:41:49.892829Z,0.48,465,no,b81f0a3c-e5d5-5d16-f6d1-fa7dd8c7516f
KXNCAAFSPREAD-25NOV08LSUALA-ALA10,2025-11-08T21:40:17.82176Z,0.5,37,yes,1061bda8-e13f-78f0-eb4a-864b0f568abb
KXNCAAFSPREAD-25NOV08LSUALA-ALA10,2025-11-08T21:36:31.100289Z,0.5,38,yes,eac70e34-b85f-6150-6ca3-0dee53433eeb
KXNCAAFSPREAD-25NOV08LSUALA-ALA10,2025-11-08T21:35:21.019348Z,0.5,17,yes,64b94da9-775f-5d14-f334-9c07dd4b0eb3
KXNCAAFSPREAD-25NOV08LSUALA-ALA10,2025-11-08T21:35:10.636745Z,0.5,16,yes,f42faff3-7e9f-7d00-aa36-42e4931af683
KXNCAAFSPREAD-25NOV08LSUALA-ALA10,2025-11-08T21:29:15.858239Z,0.49,9,no,b434f3b8-5ac2-64d1-59ec-6f744ad90d80
KXNCAAFSPREAD-25NOV08LSUALA-ALA10,2025-11-08T21:28:32.6276Z,0.5,86,yes,6dde1749-cd6b-5ec4-14ee-043336da4b0f
KXNCAAFSPREAD-25NOV08LSUALA-ALA10,2025-11-08T21:28:11.90161Z,0.5,52,yes,e7a7f224-07ef-43b4-ae51-72da7a706147
KXNCAAFSPREAD-25NOV08LSUALA-ALA10,2025-11-08T21:23:37.049476Z,0.48,2,no,b5bea0d4-75ad-6116-21d0-510c99e2a12b
KXNCAAFSPREAD-25NOV08LSUALA-ALA10,2025-11-08T21:23:37.049476Z,0.49,623,no,2d917c06-9246-6a71-315a-1ef8c5e75114
KXNCAAFSPREAD-25NOV08LSUALA-ALA10,2025-11-08T21:18:18.6358Z,0.5,189,yes,858b09b7-c0e7-77c8-88eb-386a8527c2ff
KXNCAAFSPREAD-25NOV08LSUALA-ALA10,2025-11-08T21:17:43.829377Z,0.5,12,yes,7031e5b6-322b-675c-73bc-bdac212531cf
KXNCAAFSPREAD-25NOV08LSUALA-ALA10,2025-11-08T21:15:48.800909Z,0.49,41,no,86e1e826-9356-6108-5b10-5d41ec2d6005
KXNCAAFSPREAD-25NOV08LSUALA-ALA10,2025-11-08T21:15:13.811778Z,0.5,99,yes,c8efd66c-9737-78e8-0737-2926bb63608b
KXNCAAFSPREAD-25NOV08LSUALA-ALA10,2025-11-08T21:11:14.327492Z,0.48,238,no,c0e9cce7-fc71-58ca-07b3-b915ebf0b68f
KXNCAAFSPREAD-25NOV08LSUALA-ALA10,2025-11-08T21:07:24.260137Z,0.5,19,yes,07fa3b3d-ac17-4f78-9fad-c1c1e8916aaf
KXNCAAFSPREAD-25NOV08LSUALA-ALA10,2025-11-08T21:06:54.662584Z,0.48,46,no,13f19103-a3a5-72ee-a2c5-986290213143
KXNCAAFSPREAD-25NOV08LSUALA-ALA10,2025-11-08T21:06:44.381032Z,0.5,174,yes,b5265b72-7313-4570-0c64-083dc05b2a0b
KXNCAAFSPREAD-25NOV08LSUALA-ALA10,2025-11-08T21:06:44.381032Z,0.49,20,yes,81b018dc-a711-4891-2f35-ce40f74880b2
KXNCAAFSPREAD-25NOV08LSUALA-ALA10,2025-11-08T21:01:09.02611Z,0.5,59,yes,8f711600-a3f7-6d84-3537-01d221cf3d17
KXNCAAFSPREAD-25NOV08LSUALA-ALA10,2025-11-08T20:58:34.346525Z,0.5,90,yes,4d8fbf2a-e46b-6f28-3fb2-bd0edf5cc08b
KXNCAAFSPREAD-25NOV08LSUALA-ALA10,2025-11-08T20:56:58.527658Z,0.5,5,yes,57e9d84b-13ef-7130-438c-820c5db7902b
KXNCAAFSPREAD-25NOV08LSUALA-ALA10,2025-11-08T20:55:59.435619Z,0.5,10,yes,8d5f560e-b87f-76f0-152d-66ceeaabd01f
KXNCAAFSPREAD-25NOV08LSUALA-ALA10,2025-11-08T20:54:32.016508Z,0.49,9,no,dbf723ac-3880-7e0e-76d8-a677066c3341
KXNCAAFSPREAD-25NOV08LSUALA-ALA10,2025-11-08T20:49:04.669001Z,0.49,47,no,da3cce10-f294-418a-63ec-122b7dd875b5
KXNCAAFSPREAD-25NOV08LSUALA-ALA10,2025-11-08T20:47:39.202257Z,0.5,27,yes,30be5d22-37cf-46c8-23fa-3e1e0a830bdb
KXNCAAFSPREAD-25NOV08LSUALA-ALA10,2025-11-08T20:47:30.854869Z,0.5,7,yes,8550a0e2-b7ab-6a90-61c5-3ea229b685af
KXNCAAFSPREAD-25NOV08LSUALA-ALA10,2025-11-08T20:43:56.873183Z,0.5,3,yes,f4f33d88-68d7-6ff8-ccdf-2d964caf5fe7
KXNCAAFSPREAD-25NOV08LSUALA-ALA10,2025-11-08T20:41:18.891043Z,0.5,96,yes,87c5f4ee-1e7b-67d0-c903-48333b710a2f
KXNCAAFSPREAD-25NOV08LSUALA-ALA10,2025-11-08T20:41:12.968045Z,0.5,251,yes,4567b3f0-38fb-7490-7934-a01570f38ee7
KXNCAAFSPREAD-25NOV08LSUALA-ALA10,2025-11-08T20:40:49.233573Z,0.49,54,no,ed4263e9-cb20-7aea-d60e-d1dcf85716ad
KXNCAAFSPREAD-25NOV08LSUALA-ALA10,2025-11-08T20:40:37.116037Z,0.5,193,yes,b750eb3d-6f5b-57c0-3db8-79a6428c64d3
KXNCAAFSPREAD-25NOV08LSUALA-ALA10,2025-11-08T20:39:43.572478Z,0.5,48,yes,5cb3376a-da53-5adc-898b-1ccd105f072f
KXNCAAFSPREAD-25NOV08LSUALA-ALA10,2025-11-08T20:39:25.642656Z,0.49,9,no,8e520ae7-80f0-51e6-27c4-fde60aac28f9
KXNCAAFSPREAD-25NOV08LSUALA-ALA10,2025-11-08T20:36:05.907352Z,0.5,19,yes,c22fd9cd-6ea3-43a0-3537-9da2b7ca2f23
KXNCAAFSPREAD-25NOV08LSUALA-ALA10,2025-11-08T20:35:57.213415Z,0.5,144,yes,8fbd3b6f-39e3-6a60-93d7-70ab8ff02c57
KXNCAAFSPREAD-25NOV08LSUALA-ALA10,2025-11-08T20:35:53.330039Z,0.49,189,no,d2fcdb6a-081c-5be2-d695-e69e22e49d99
KXNCAAFSPREAD-25NOV08LSUALA-ALA10,2025-11-08T20:35:46.222463Z,0.49,18,no,c42f5013-b3e4-5536-0279-9c68354652fd
KXNCAAFSPREAD-25NOV08LSUALA-ALA10,2025-11-08T20:34:49.831429Z,0.49,189,no,1adbced9-2ad0-6efe-a314-0444b0e484d9
KXNCAAFSPREAD-25NOV08LSUALA-ALA10,2025-11-08T20:33:35.372359Z,0.49,190,no,ecf8e845-d878-5356-4f96-3c47ca6c6c71
KXNCAAFSPREAD-25NOV08LSUALA-ALA10,2025-11-08T20:24:31.955577Z,0.49,379,no,285fa869-2ee1-7cb0-de65-6174721c068e
KXNCAAFSPREAD-25NOV08LSUALA-ALA10,2025-11-08T20:24:01.777984Z,0.49,1,no,2cfbec39-0bd5-4658-a394-9ea2c2590a56
KXNCAAFSPREAD-25NOV08LSUALA-ALA10,2025-11-08T20:21:14.389366Z,0.49,341,no,91da0eac-16a9-4374-473c-83fd1f8bd8fa
KXNCAAFSPREAD-25NOV08LSUALA-ALA10,2025-11-08T20:08:38.529938Z,0.5,9,yes,d2e33621-b977-4074-c1fa-4c7970f3b9df
KXNCAAFSPREAD-25NOV08LSUALA-ALA10,2025-11-08T20:08:10.745144Z,0.49,30,no,277f92a4-dc3e-4114-d725-06cac1a2e0d0
KXNCAAFSPREAD-25NOV08LSUALA-ALA10,2025-11-08T20:07:11.449284Z,0.5,15,yes,032916e9-4c07-42b0-1f17-8a4d9e82899f
KXNCAAFSPREAD-25NOV08LSUALA-ALA10,2025-11-08T20:05:25.959124Z,0.5,20,yes,d20a4596-6a27-71f8-e949-4d11610c667b
KXNCAAFSPREAD-25NOV08LSUALA-ALA10,2025-11-08T19:54:10.837914Z,0.5,9,yes,a9eb3684-d88b-6ce4-1ace-5de6b3e89a4b
KXNCAAFSPREAD-25NOV08LSUALA-ALA10,2025-11-08T19:52:40.210823Z,0.5,16,yes,8c468fe4-5077-4744-1749-6eca7e81e1eb
KXNCAAFSPREAD-25NOV08LSUALA-ALA10,2025-11-08T19:50:01.510747Z,0.5,10,yes,396555b0-642b-7d38-e37c-77fb2fb5b64f
KXNCAAFSPREAD-25NOV08LSUALA-ALA10,2025-11-08T19:40:36.550564Z,0.49,47,no,a78e82c3-d212-61ec-88c2-8734ffd66768
KXNCAAFSPREAD-25NOV08LSUALA-ALA10,2025-11-08T19:30:13.275177Z,0.5,19,yes,8e5909bd-c95b-7998-526c-08d731f2c7df
KXNCAAFSPREAD-25NOV08LSUALA-ALA10,2025-11-08T19:30:08.374165Z,0.49,20,no,fb3fb016-5153-4ae8-1b17-ac856ef465e3
KXNCAAFSPREAD-25NOV08LSUALA-ALA10,2025-11-08T19:30:08.374165Z,0.49,74,no,c165536d-14d2-4bc0-3057-89d2bfe9c248
KXNCAAFSPREAD-25NOV08LSUALA-ALA10,2025-11-08T19:29:59.84266Z,0.5,19,yes,b126dc22-901b-74d8-25c7-d264d79b849b
KXNCAAFSPREAD-25NOV08LSUALA-ALA10,2025-11-08T19:29:42.620723Z,0.5,1,yes,6bf602b1-796f-6d1c-914f-512574c04e2f
KXNCAAFSPREAD-25NOV08LSUALA-ALA10,2025-11-08T19:15:38.716464Z,0.49,47,no,1ef97bbf-99cd-515b-8c9c-76149eec66b2
KXNCAAFSPREAD-25NOV08LSUALA-ALA10,2025-11-08T19:15:29.213778Z,0.49,9,no,7f1700ea-42a5-4e8f-67fd-bbfb5d7edd9a
KXNCAAFSPREAD-25NOV08LSUALA-ALA10,2025-11-08T19:05:44.71966Z,0.49,15,no,3a81ae3b-abd1-7ca3-490d-91999959cab2
KXNCAAFSPREAD-25NOV08LSUALA-ALA10,2025-11-08T19:05:27.800771Z,0.5,5,yes,b5ea7e46-9717-7840-0867-4f3c4300a77b
KXNCAAFSPREAD-25NOV08LSUALA-ALA10,2025-11-08T19:04:33.475534Z,0.49,200,no,7a14f969-b2a9-7a63-e415-0f9dac6eb18e
KXNCAAFSPREAD-25NOV08LSUALA-ALA10,2025-11-08T18:57:55.874713Z,0.51,27,yes,dcba599c-5b9c-6f45-dbc6-e8b20c4b2794
KXNCAAFSPREAD-25NOV08LSUALA-ALA10,2025-11-08T18:57:55.874713Z,0.5,20,yes,37037839-fe8b-6433-dd35-be38722f714e
KXNCAAFSPREAD-25NOV08LSUALA-ALA10,2025-11-08T18:48:52.977674Z,0.49,18,no,0f6cdedf-3a2a-7a13-5eae-096942d2c8ad
KXNCAAFSPREAD-25NOV08LSUALA-ALA10,2025-11-08T18:45:50.078722Z,0.49,9,no,93094c6b-1dfe-796b-18aa-e1b2cbfec665
KXNCAAFSPREAD-25NOV08LSUALA-ALA10,2025-11-08T18:40:23.893178Z,0.49,17,no,34bf4576-d3fe-61db-e1e9-86acb2be9269
KXNCAAFSPREAD-25NOV08LSUALA-ALA10,2025-11-08T18:40:23.893178Z,0.49,20,no,2e320454-b49d-66ac-d3ed-2671e4b5383f
KXNCAAFSPREAD-25NOV08LSUALA-ALA10,2025-11-08T18:30:34.168038Z,0.49,18,no,7ff8b5a6-e1a9-4253-d02f-cf92dc9fe869
KXNCAAFSPREAD-25NOV08LSUALA-ALA10,2025-11-08T18:28:25.820815Z,0.5,4,no,f38fb4b6-7d54-4502-9668-7c97b14f3baa
KXNCAAFSPREAD-25NOV08LSUALA-ALA10,2025-11-08T18:28:25.820815Z,0.49,10,no,47511dce-ac95-40ff-a0e9-b9d3f6d988e1
KXNCAAFSPREAD-25NOV08LSUALA-ALA10,2025-11-08T18:25:22.883413Z,0.49,9,no,0ea261c3-f179-4bb7-9e94-ce2ebc5f8521
KXNCAAFSPREAD-25NOV08LSUALA-ALA10,2025-11-08T18:13:58.866109Z,0.51,9,yes,52caad60-54b4-542d-84e4-2612bfc90f6c
KXNCAAFSPREAD-25NOV08LSUALA-ALA10,2025-11-08T18:05:52.286342Z,0.5,3,yes,f1a73ef2-d4e8-75d0-6b04-73933a23ca4b
KXNCAAFSPREAD-25NOV08LSUALA-ALA10,2025-11-08T18:05:52.286342Z,0.51,166,yes,ad130997-1348-785d-6c9a-90f7e544b32c
KXNCAAFSPREAD-25NOV08LSUALA-ALA10,2025-11-08T18:05:52.286342Z,0.5,20,yes,7882f07a-fd1b-7e30-5f95-33489d95077e
KXNCAAFSPREAD-25NOV08LSUALA-ALA10,2025-11-08T18:02:38.397564Z,0.49,5,no,24cd9899-4d6f-7793-a1d9-5835201536ec
KXNCAAFSPREAD-25NOV08LSUALA-ALA10,2025-11-08T17:57:53.872146Z,0.5,47,yes,bd5f97fd-f4c8-7984-0dd2-d269ecee655b
KXNCAAFSPREAD-25NOV08LSUALA-ALA10,2025-11-08T17:53:13.443391Z,0.49,47,no,67779447-cdc3-6193-cef5-0e000ec26324
KXNCAAFSPREAD-25NOV08LSUALA-ALA10,2025-11-08T17:42:38.200632Z,0.49,20,no,cdc3076b-c8c0-5d65-d20a-bae26f89742e
KXNCAAFSPREAD-25NOV08LSUALA-ALA10,2025-11-08T17:42:38.200632Z,0.49,27,no,50be2fdd-1a0b-54ef-e726-c001fef82218
KXNCAAFSPREAD-25NOV08LSUALA-ALA10,2025-11-08T17:38:12.892073Z,0.49,23,no,4b8f46e3-7a9c-6be7-c148-2970ba5a675a
KXNCAAFSPREAD-25NOV08LSUALA-ALA10,2025-11-08T17:33:14.668204Z,0.51,8,yes,cf433ad6-6dbc-4685-caad-c26b65afc2b4
KXNCAAFSPREAD-25NOV08LSUALA-ALA10,2025-11-08T17:33:14.668204Z,0.5,20,yes,4224294a-2602-4d0e-de36-7562418402c7
KXNCAAFSPREAD-25NOV08LSUALA-ALA10,2025-11-08T17:32:14.739058Z,0.49,151,no,21c9865f-2550-572f-0011-58ccf9d6728a
KXNCAAFSPREAD-25NOV08LSUALA-ALA10,2025-11-08T17:30:49.57214Z,0.49,169,no,bbdf9d8e-95d0-4327-4593-3756b17207fe
KXNCAAFSPREAD-25NOV08LSUALA-ALA10,2025-11-08T17:30:49.57214Z,0.49,20,no,11ab3e53-15c1-4b01-5067-daee0ed2c189
KXNCAAFSPREAD-25NOV08LSUALA-ALA10,2025-11-08T17:26:54.458611Z,0.49,47,no,6e78e857-2e47-6718-7cab-310e52ccbd1b
KXNCAAFSPREAD-25NOV08LSUALA-ALA10,2025-11-08T17:24:32.167564Z,0.49,79,no,636ec902-8b23-5850-ce2d-7f43199d1faf
KXNCAAFSPREAD-25NOV08LSUALA-ALA10,2025-11-08T17:14:31.149604Z,0.5,11,yes,ffd8b66a-d42a-5aab-5652-8a8f1da3e8ce
KXNCAAFSPREAD-25NOV08LSUALA-ALA10,2025-11-08T17:14:31.149604Z,0.51,27,yes,517f84d5-5b68-5085-4e62-478ba429131c
KXNCAAFSPREAD-25NOV08LSUALA-ALA10,2025-11-08T17:11:57.603295Z,0.49,18,no,cba5a59e-6b37-67b0-cf13-595cdb61653b
KXNCAAFSPREAD-25NOV08LSUALA-ALA10,2025-11-08T17:09:14.014774Z,0.49,132,no,e7244816-6d7b-7578-738a-7b13a88d43a8
KXNCAAFSPREAD-25NOV08LSUALA-ALA10,2025-11-08T17:07:59.984024Z,0.5,9,yes,b5fde3b9-6c7a-6703-afd0-5cba9f6b5396
KXNCAAFSPREAD-25NOV08LSUALA-ALA10,2025-11-08T17:07:05.741023Z,0.49,94,no,9c99afac-1d13-5fe8-2454-e3ac2222281c
KXNCAAFSPREAD-25NOV08LSUALA-ALA10,2025-11-08T17:06:28.806452Z,0.49,20,no,9f4d0b48-b6e6-5e8b-860d-a0d9423b44ed
KXNCAAFSPREAD-25NOV08LSUALA-ALA10,2025-11-08T17:06:28.806452Z,0.49,74,no,55a615d9-7417-5dfc-936f-5acb5d5b13e4
KXNCAAFSPREAD-25NOV08LSUALA-ALA10,2025-11-08T17:01:59.619368Z,0.51,5,yes,3ababbfb-097c-4f01-0b2a-8d05cc2b212c
KXNCAAFSPREAD-25NOV08LSUALA-ALA10,2025-11-08T17:00:41.672719Z,0.49,4,no,0bdd3674-1b33-7da1-fab3-f7d9ecdcc875
KXNCAAFSPREAD-25NOV08LSUALA-ALA10,2025-11-08T16:57:22.610003Z,0.49,473,no,19fd3f6e-cddf-7409-e062-77637dd03a51
KXNCAAFSPREAD-25NOV08LSUALA-ALA10,2025-11-08T16:56:48.835604Z,0.49,22,no,561baa55-d4ef-70dd-7ba8-3030f0ae6615
KXNCAAFSPREAD-25NOV08LSUALA-ALA10,2025-11-08T16:56:08.735567Z,0.49,48,no,b6425ccf-dead-4847-8e54-2006c9d28c27
KXNCAAFSPREAD-25NOV08LSUALA-ALA10,2025-11-08T16:55:56.583022Z,0.49,9,no,16ac280b-522d-4553-f8fc-2995afce79b3
KXNCAAFSPREAD-25NOV08LSUALA-ALA10,2025-11-08T16:49:56.179646Z,0.51,5,yes,addd5307-747c-4a71-9c0c-5c7f9a068c80
KXNCAAFSPREAD-25NOV08LSUALA-ALA10,2025-11-08T16:49:07.584376Z,0.5,20,yes,fea88ebc-7c1a-48d3-078f-852a95a67bbf
KXNCAAFSPREAD-25NOV08LSUALA-ALA10,2025-11-08T16:49:07.584376Z,0.51,928,yes,d8f6fed7-0328-4dd5-1d09-a77488e189f4
KXNCAAFSPREAD-25NOV08LSUALA-ALA10,2025-11-08T16:45:50.959534Z,0.49,9,no,7b701dfd-f201-6adb-d88b-e8248776d67b
KXNCAAFSPREAD-25NOV08LSUALA-ALA10,2025-11-08T16:44:35.290828Z,0.49,18,no,a047ed2e-c96b-625d-a4bd-a04c31b65a71
KXNCAAFSPREAD-25NOV08LSUALA-ALA10,2025-11-08T16:41:19.416166Z,0.51,18,yes,db29655f-2e1c-5a1d-6352-4216a2826d1c
KXNCAAFSPREAD-25NOV08LSUALA-ALA10,2025-11-08T16:41:05.903515Z,0.51,18,yes,a01501bc-aa94-4bed-b4cb-67e16125346c
KXNCAAFSPREAD-25NOV08LSUALA-ALA10,2025-11-08T16:32:18.418229Z,0.51,189,yes,c76a1fef-ff04-4819-c81a-7617aa5b758c
KXNCAAFSPREAD-25NOV08LSUALA-ALA10,2025-11-08T16:30:14.823663Z,0.51,37,yes,b77ae2df-d414-520d-90a0-c4aa19f43130
KXNCAAFSPREAD-25NOV08LSUALA-ALA10,2025-11-08T16:28:13.009245Z,0.5,19,no,960890f3-89b9-4e1a-5743-72d07e65f924
KXNCAAFSPREAD-25NOV08LSUALA-ALA10,2025-11-08T16:26:45.9557Z,0.5,3,no,9e32b075-2b01-40be-7684-76228a5767d0
KXNCAAFSPREAD-25NOV08LSUALA-ALA10,2025-11-08T16:26:12.083579Z,0.5,2,no,79ad502b-3ca7-6805-efad-261159e820f1
KXNCAAFSPREAD-25NOV08LSUALA-ALA10,2025-11-08T16:25:25.532323Z,0.5,6,no,ffa13cb4-de9f-4a41-8726-0ce7eb9b1d2d
KXNCAAFSPREAD-25NOV08LSUALA-ALA10,2025-11-08T16:21:21.789292Z,0.5,96,no,a7abe457-2a33-5105-cae1-3f99b8a78401
KXNCAAFSPREAD-25NOV08LSUALA-ALA10,2025-11-08T16:15:46.525421Z,0.49,2,no,1fdd19f0-7553-7cbd-c82b-4aa7265ed3a1
KXNCAAFSPREAD-25NOV08LSUALA-ALA10,2025-11-08T16:12:47.672034Z,0.51,37,yes,cdcd01d9-3558-786d-ed18-7776ae880b54
KXNCAAFSPREAD-25NOV08LSUALA-ALA10,2025-11-08T16:11:22.6811Z,0.51,9,yes,a8af36e5-1ca8-7dd5-d7a6-3e4a7263383c
KXNCAAFSPREAD-25NOV08LSUALA-ALA10,2025-11-08T16:01:39.624665Z,0.5,9,no,22c1bd0a-8609-402c-0b95-8760cb0c5369
KXNCAAFSPREAD-25NOV08LSUALA-ALA10,2025-11-08T15:54:30.183098Z,0.5,19,no,77b8e5ce-6753-5390-fc27-3116bf557084
KXNCAAFSPREAD-25NOV08LSUALA-ALA10,2025-11-08T15:53:58.013709Z,0.5,38,no,51828e7d-48b7-6db8-7eee-e2c0c869f224
KXNCAAFSPREAD-25NOV08LSUALA-ALA10,2025-11-08T15:52:30.492784Z,0.51,9,yes,17fed41c-04f4-498d-1752-6946e692224c
KXNCAAFSPREAD-25NOV08LSUALA-ALA10,2025-11-08T15:48:41.047514Z,0.5,39,no,0762745d-06bf-7f0c-23d1-e5abed4bcd54
KXNCAAFSPREAD-25NOV08LSUALA-ALA10,2025-11-08T15:47:29.842969Z,0.51,3,yes,3d1a43ce-1b3c-5421-91e3-b1a8bd6b101c
KXNCAAFSPREAD-25NOV08LSUALA-ALA10,2025-11-08T15:47:18.678238Z,0.5,48,no,08939d9a-5e9c-63d8-ffdc-07ec8f57e730
KXNCAAFSPREAD-25NOV08LSUALA-ALA10,2025-11-08T15:42:18.438206Z,0.51,5,yes,76f6e633-b454-62f9-b656-b5facd8da914
KXNCAAFSPREAD-25NOV08LSUALA-ALA10,2025-11-08T15:41:49.352864Z,0.51,9,yes,5bac1fce-e434-515d-40e1-98ef2c27a5c0
KXNCAAFSPREAD-25NOV08LSUALA-ALA10,2025-11-08T15:40:59.322469Z,0.51,47,yes,15754c8b-6e78-4a05-b115-7df37e5b2954
KXNCAAFSPREAD-25NOV08LSUALA-ALA10,2025-11-08T15:40:54.422116Z,0.5,96,no,edcc9d48-b1f2-7dbb-b06b-1aaaf76ee603
KXNCAAFSPREAD-25NOV08LSUALA-ALA10,2025-11-08T15:40:27.954574Z,0.5,193,no,2686c20e-1aaa-4fff-c3ca-7e5a66ada947
KXNCAAFSPREAD-25NOV08LSUALA-ALA10,2025-11-08T15:35:15.776255Z,0.5,57,no,75843c2a-ccba-6dff-6e10-352311b9bc97
KXNCAAFSPREAD-25NOV08LSUALA-ALA10,2025-11-08T15:34:48.162014Z,0.5,19,no,2c39eab3-bf0e-60ba-74fc-3c92f508e915
KXNCAAFSPREAD-25NOV08LSUALA-ALA10,2025-11-08T15:31:06.827911Z,0.5,2,no,fd0c620f-74e2-7496-0f31-4581cfe0fa3d
KXNCAAFSPREAD-25NOV08LSUALA-ALA10,2025-11-08T15:30:44.265365Z,0.5,9,no,54dbae8e-d3ae-5b0e-0330-28563a910d39
KXNCAAFSPREAD-25NOV08LSUALA-ALA10,2025-11-08T15:28:44.029506Z,0.5,9,yes,9a342b33-bdd4-7e49-5e39-36ec7413786a
KXNCAAFSPREAD-25NOV08LSUALA-ALA10,2025-11-08T15:27:28.723366Z,0.48,9,no,5eb38268-919d-6d4e-c5b2-a56cd50ec17f
KXNCAAFSPREAD-25NOV08LSUALA-ALA10,2025-11-08T15:24:38.747314Z,0.48,18,no,92d1349d-58b5-678a-b372-d584a34ec2cb
KXNCAAFSPREAD-25NOV08LSUALA-ALA10,2025-11-08T15:24:06.93482Z,0.48,93,no,cb7acede-f669-4bea-ac14-aa095b4cc4ff
KXNCAAFSPREAD-25NOV08LSUALA-ALA10,2025-11-08T15:22:01.724854Z,0.48,36,no,8a5c04ba-3c25-6382-ca6c-425b8e302d9f
KXNCAAFSPREAD-25NOV08LSUALA-ALA10,2025-11-08T15:21:49.631815Z,0.48,46,no,5014f7c9-b531-6c1a-410e-f7009ecf40ff
KXNCAAFSPREAD-25NOV08LSUALA-ALA10,2025-11-08T15:16:30.719685Z,0.51,5,yes,c91ff807-57fc-72d9-aecb-aa3aaffefcfc
KXNCAAFSPREAD-25NOV08LSUALA-ALA10,2025-11-08T15:16:30.719685Z,0.5,15,yes,c078b70c-bd3c-764c-9833-4462c045cf72
KXNCAAFSPREAD-25NOV08LSUALA-ALA10,2025-11-08T15:12:14.154564Z,0.5,5,yes,91c0afb3-5248-416c-b846-d69254c1431e
KXNCAAFSPREAD-25NOV08LSUALA-ALA10,2025-11-08T15:03:49.507605Z,0.48,37,no,824be90d-62d1-68f6-5855-4e220184e813
KXNCAAFSPREAD-25NOV08LSUALA-ALA10,2025-11-08T15:01:48.267899Z,0.5,11,yes,f22fd4f3-9c8e-4078-4d46-5c0d6107c319
KXNCAAFSPREAD-25NOV08LSUALA-ALA10,2025-11-08T15:01:48.267899Z,0.5,27,yes,202ad097-f6dd-4774-71a3-859da7f1469f
KXNCAAFSPREAD-25NOV08LSUALA-ALA10,2025-11-08T15:00:03.966528Z,0.5,7,yes,47b7255d-f5ed-429c-4088-5f5ddf8a83d7
KXNCAAFSPREAD-25NOV08LSUALA-ALA10,2025-11-08T14:54:37.625203Z,0.5,48,yes,764bceef-32ad-5450-449d-04537f407a03
KXNCAAFSPREAD-25NOV08LSUALA-ALA10,2025-11-08T14:54:12.969284Z,0.49,18,no,7de3fbe8-7b68-5056-0382-75ebcfa617b5
KXNCAAFSPREAD-25NOV08LSUALA-ALA10,2025-11-08T14:50:28.78104Z,0.49,1,no,52269943-8b54-701a-b8eb-00be33431ec9
KXNCAAFSPREAD-25NOV08LSUALA-ALA10,2025-11-08T14:50:14.825741Z,0.49,83,no,7cca1bec-fde3-617f-cdb9-de9eaf65ff96
KXNCAAFSPREAD-25NOV08LSUALA-ALA10,2025-11-08T14:49:05.58231Z,0.49,20,no,e548a3bd-2e5b-76a3-6042-e9e44ab383ae
KXNCAAFSPREAD-25NOV08LSUALA-ALA10,2025-11-08T14:35:15.17549Z,0.49,100,no,9cbb1f9a-116f-77a7-4541-6afb908c3fbe
KXNCAAFSPREAD-25NOV08LSUALA-ALA10,2025-11-08T14:34:13.3723Z,0.5,96,yes,fe1f897d-a54d-5cf4-8bfb-abc212822a1b
KXNCAAFSPREAD-25NOV08LSUALA-ALA10,2025-11-08T14:33:15.223686Z,0.5,28,yes,5b8a3a8a-da25-5da4-362a-a5af4397a767
KXNCAAFSPREAD-25NOV08LSUALA-ALA10,2025-11-08T14:26:49.468028Z,0.49,9,no,b490917b-dc1d-7820-4ce8-4ead1c6ec104
KXNCAAFSPREAD-25NOV08LSUALA-ALA10,2025-11-08T14:26:22.517398Z,0.49,119,no,82024e14-7cd5-4b25-d7a6-22554aa308c4
KXNCAAFSPREAD-25NOV08LSUALA-ALA10,2025-11-08T14:24:55.96362Z,0.49,11,no,c3e54571-b881-47fd-873d-857aaddeba74
KXNCAAFSPREAD-25NOV08LSUALA-ALA10,2025-11-08T14:09:22.246718Z,0.5,19,yes,50593958-bbf9-5f74-9832-4c86f3f4e95f
KXNCAAFSPREAD-25NOV08LSUALA-ALA10,2025-11-08T14:07:53.877481Z,0.49,18,no,8c92d0c9-0e99-7281-5a6c-16a698ef5c30
KXNCAAFSPREAD-25NOV08LSUALA-ALA10,2025-11-08T14:04:40.502758Z,0.5,20,yes,b7be889f-c714-4b6a-2830-27ecaf0f9c7c
KXNCAAFSPREAD-25NOV08LSUALA-ALA10,2025-11-08T14:04:40.502758Z,0.5,38,yes,97ccf74f-71d0-439d-3d45-34b83688b6cb
KXNCAAFSPREAD-25NOV08LSUALA-ALA10,2025-11-08T14:04:40.502758Z,0.5,100,yes,2264aed7-c301-49a1-37c9-c7d227e048ad
KXNCAAFSPREAD-25NOV08LSUALA-ALA10,2025-11-08T14:04:40.502758Z,0.51,34,yes,1ab10ab0-2140-4f4d-29e9-9aed01a1c568
KXNCAAFSPREAD-25NOV08LSUALA-ALA10,2025-11-08T14:02:48.259137Z,0.5,9,yes,e6ee96d7-f0b4-53fd-ed09-dbea1e4068b7
KXNCAAFSPREAD-25NOV08LSUALA-ALA10,2025-11-08T13:26:31.12241Z,0.48,4,no,a4b89a82-cf2d-7e52-0709-42eb42a5095f
KXNCAAFSPREAD-25NOV08LSUALA-ALA10,2025-11-08T13:24:44.583333Z,0.5,7,yes,3bbf755d-2050-7249-cf31-0a392629e1ab
KXNCAAFSPREAD-25NOV08LSUALA-ALA10,2025-11-08T13:15:09.522889Z,0.49,18,no,683492ff-7ea3-7f4e-afed-4621a0b8aa51
KXNCAAFSPREAD-25NOV08LSUALA-ALA10,2025-11-08T13:14:21.564105Z,0.5,96,yes,5653cd27-e904-7b49-8a06-b918dec2c00b
KXNCAAFSPREAD-25NOV08LSUALA-ALA10,2025-11-08T12:57:14.658787Z,0.5,85,yes,eabe34bd-8d58-6820-27b4-7bfb1280b879
KXNCAAFSPREAD-25NOV08LSUALA-ALA10,2025-11-08T12:57:14.658787Z,0.51,114,yes,b3d0e087-7eac-6775-18d6-525abdebd96c
KXNCAAFSPREAD-25NOV08LSUALA-ALA10,2025-11-08T12:57:14.658787Z,0.5,65,yes,20c8e6d7-b7bd-617f-38a7-7f9cff33a2af
KXNCAAFSPREAD-25NOV08LSUALA-ALA10,2025-11-08T12:56:46.234946Z,0.5,15,yes,ee5f9057-8240-5de0-4d22-d0f243d6606d
KXNCAAFSPREAD-25NOV08LSUALA-ALA10,2025-11-08T12:56:46.234946Z,0.5,4,yes,99630cf2-fecd-5e41-4e44-3b3ac205fbbe
KXNCAAFSPREAD-25NOV08LSUALA-ALA10,2025-11-08T12:48:10.712245Z,0.48,2,no,a5ebcd4f-0999-6586-6e3d-f14508a0c8ff
KXNCAAFSPREAD-25NOV08LSUALA-ALA10,2025-11-08T12:47:48.162387Z,0.48,55,no,49efb489-0201-56f6-4450-8e8cdbb8b6a7
KXNCAAFSPREAD-25NOV08LSUALA-ALA10,2025-11-08T12:38:19.03215Z,0.5,96,yes,07be61fe-19c5-5edd-f3b4-12cbf49e430e
KXNCAAFSPREAD-25NOV08LSUALA-ALA10,2025-11-08T12:34:03.210951Z,0.49,20,no,e7a8cd47-7891-56ad-a238-acbb304ef21a
KXNCAAFSPREAD-25NOV08LSUALA-ALA10,2025-11-08T12:33:11.367166Z,0.49,10,no,8610fe16-d22b-6413-12f9-80b6809770dd
KXNCAAFSPREAD-25NOV08LSUALA-ALA10,2025-11-08T12:30:27.716365Z,0.51,54,yes,163fe305-c018-6c39-3a49-c39968650750
KXNCAAFSPREAD-25NOV08LSUALA-ALA10,2025-11-08T12:22:02.458102Z,0.51,24,yes,8b299917-e330-65e9-498f-d43a74a72368
KXNCAAFSPREAD-25NOV08LSUALA-ALA10,2025-11-08T11:43:31.50069Z,0.48,59,no,e9de3f78-6af5-607a-67bc-426ad8549737
KXNCAAFSPREAD-25NOV08LSUALA-ALA10,2025-11-08T10:55:35.33053Z,0.51,5,yes,a4797323-dbe0-6709-baf0-d7bec1158024
KXNCAAFSPREAD-25NOV08LSUALA-ALA10,2025-11-08T09:37:09.53074Z,0.51,94,yes,994c7959-d720-6639-4349-48e40ac31898
KXNCAAFSPREAD-25NOV08LSUALA-ALA10,2025-11-08T09:35:43.193376Z,0.51,76,yes,c4ad0418-233c-51c1-7550-4c562231caa4
KXNCAAFSPREAD-25NOV08LSUALA-ALA10,2025-11-08T09:34:03.471893Z,0.48,93,no,fbea09cf-25bd-7ede-5285-c510ef9a2767
KXNCAAFSPREAD-25NOV08LSUALA-ALA10,2025-11-08T09:19:07.040989Z,0.51,3,yes,0513f56d-347c-742d-c8f1-389914c27888
KXNCAAFSPREAD-25NOV08LSUALA-ALA10,2025-11-08T09:11:23.94389Z,0.48,27,no,91a18358-76c9-5c02-aef9-11f64d51f183
KXNCAAFSPREAD-25NOV08LSUALA-ALA10,2025-11-08T08:10:06.635354Z,0.48,93,no,1d17979f-c0a9-6a7a-3e0f-40c54894012b
KXNCAAFSPREAD-25NOV08LSUALA-ALA10,2025-11-08T07:12:44.630687Z,0.48,28,no,d0b548aa-cadd-477a-11f6-fb30affc6cc7
KXNCAAFSPREAD-25NOV08LSUALA-ALA10,2025-11-08T06:20:14.199907Z,0.51,18,yes,a9a22827-9c70-4379-a767-73a8d271e7c0
KXNCAAFSPREAD-25NOV08LSUALA-ALA10,2025-11-08T06:14:05.531492Z,0.51,9,yes,5048cc96-c2a0-63bd-159e-df959c499d30
KXNCAAFSPREAD-25NOV08LSUALA-ALA10,2025-11-08T06:04:40.338329Z,0.51,9,yes,806972a2-84a0-5405-1f70-2ec909e5d878
KXNCAAFSPREAD-25NOV08LSUALA-ALA10,2025-11-08T05:55:16.650954Z,0.49,30,no,ef87a35b-adb6-4fba-cf1a-df0b3db72dff
KXNCAAFSPREAD-25NOV08LSUALA-ALA10,2025-11-08T05:49:00.408009Z,0.51,18,yes,dee8657d-ec28-5a41-f218-369af119cd8c
KXNCAAFSPREAD-25NOV08LSUALA-ALA10,2025-11-08T05:48:45.815058Z,0.48,10,no,6b490e5c-aa21-4f36-47eb-d8971c52aa53
KXNCAAFSPREAD-25NOV08LSUALA-ALA10,2025-11-08T05:46:08.542537Z,0.51,189,yes,4226ba3a-61c0-5bdd-cb19-549ec6fdd7b4
KXNCAAFSPREAD-25NOV08LSUALA-ALA10,2025-11-08T05:40:17.59702Z,0.51,3,yes,df53f325-1e30-7301-0fee-5fc9e3393bec
KXNCAAFSPREAD-25NOV08LSUALA-ALA10,2025-11-08T05:38:44.790302Z,0.49,9,no,e9f9acc1-7585-5f77-7ed8-71f2f15057dc
KXNCAAFSPREAD-25NOV08LSUALA-ALA10,2025-11-08T05:34:55.322922Z,0.51,119,yes,3ccbbaa4-bc28-46d9-0456-167758573170
KXNCAAFSPREAD-25NOV08LSUALA-ALA10,2025-11-08T05:33:17.411273Z,0.51,37,yes,63275c6e-df84-5f3d-d3e6-b3b5389de5d4
KXNCAAFSPREAD-25NOV08LSUALA-ALA10,2025-11-08T05:33:17.411273Z,0.51,152,yes,27fdceb8-9940-5110-d95e-23257d31eb2a
KXNCAAFSPREAD-25NOV08LSUALA-ALA10,2025-11-08T05:06:16.224355Z,0.48,54,no,8b1681a9-aa7d-6922-56cc-8794beea04af
KXNCAAFSPREAD-25NOV08LSUALA-ALA10,2025-11-08T04:54:07.789056Z,0.48,300,no,87eb7f4d-5c11-62fa-a8f3-5356e968441f
KXNCAAFSPREAD-25NOV08LSUALA-ALA10,2025-11-08T04:52:34.411599Z,0.51,47,yes,da49b394-8cf0-6e94-c911-49370b2ec3da
KXNCAAFSPREAD-25NOV08LSUALA-ALA10,2025-11-08T04:48:55.637399Z,0.51,37,yes,6c380f0f-9bc4-6b68-edd8-1e9f29b040a6
KXNCAAFSPREAD-25NOV08LSUALA-ALA10,2025-11-08T04:17:00.34393Z,0.48,27,no,6990319b-4a9d-453a-f5ca-72206e30df53
KXNCAAFSPREAD-25NOV08LSUALA-ALA10,2025-11-08T03:56:38.523398Z,0.51,11,yes,612d41ad-ce64-4f08-6695-26cafdf17d4e
KXNCAAFSPREAD-25NOV08LSUALA-ALA10,2025-11-08T03:56:31.890903Z,0.51,28,yes,c5a06c2c-efb8-5970-f11f-890d6914f32a
KXNCAAFSPREAD-25NOV08LSUALA-ALA10,2025-11-08T03:37:22.367165Z,0.51,18,yes,4d61400c-d4f8-74dc-564c-7ebbdb46340e
KXNCAAFSPREAD-25NOV08LSUALA-ALA10,2025-11-08T03:33:37.68442Z,0.51,7,yes,0a3648c3-9a48-6720-c7b8-d0cf478052f2
KXNCAAFSPREAD-25NOV08LSUALA-ALA10,2025-11-08T03:10:14.901573Z,0.51,125,yes,99058761-5c56-73ff-2350-131d71d28d49
KXNCAAFSPREAD-25NOV08LSUALA-ALA10,2025-11-08T03:10:14.901573Z,0.51,1890,yes,6a793f21-b43b-76f4-3e40-d349e8be4c01
KXNCAAFSPREAD-25NOV08LSUALA-ALA10,2025-11-08T03:10:14.901573Z,0.52,106,yes,4b0e321d-390d-7dd4-223a-4c97bac7b5e8
KXNCAAFSPREAD-25NOV08LSUALA-ALA10,2025-11-08T02:49:24.078275Z,0.51,284,yes,69100129-8062-5b62-37a6-29998f67fc2b
KXNCAAFSPREAD-25NOV08LSUALA-ALA10,2025-11-08T02:44:13.267369Z,0.51,15,yes,aeba286b-bf52-4f2a-a86d-1ad37f224067
KXNCAAFSPREAD-25NOV08LSUALA-ALA10,2025-11-08T01:35:05.182637Z,0.49,9,no,95867fed-2273-4d64-3360-67a53ae57759
KXNCAAFSPREAD-25NOV08LSUALA-ALA10,2025-11-08T00:30:36.631441Z,0.51,9,yes,f6b51623-e5b2-472a-c0d9-e29b88550287
KXNCAAFSPREAD-25NOV08LSUALA-ALA10,2025-11-08T00:30:36.631441Z,0.5,10,yes,428cb1ee-bffc-45cd-da9b-eb413a2492b3
KXNCAAFSPREAD-25NOV08LSUALA-ALA10,2025-11-08T00:29:07.474373Z,0.48,18,no,427b049e-8bcd-794e-c822-68a89d92e9cb
KXNCAAFSPREAD-25NOV08LSUALA-ALA10,2025-11-07T23:08:58.493036Z,0.51,379,yes,693d06b6-c63e-5d7a-dc14-8e73bc8d993b
KXNCAAFSPREAD-25NOV08LSUALA-ALA10,2025-11-07T22:39:08.182724Z,0.51,31,yes,27e920bc-e392-5efe-bba5-acc2a3c3ce73
KXNCAAFSPREAD-25NOV08LSUALA-ALA10,2025-11-07T22:31:17.024924Z,0.51,5,yes,62ac8809-ea16-5912-047f-d129d17ab43f
KXNCAAFSPREAD-25NOV08LSUALA-ALA10,2025-11-07T22:21:30.829945Z,0.47,1,no,31b68ec7-e6e7-59e2-c24d-14e66a488f25
KXNCAAFSPREAD-25NOV08LSUALA-ALA10,2025-11-07T21:44:39.431112Z,0.51,1,yes,fbd8230a-959e-63ae-918a-f75245d6067f
KXNCAAFSPREAD-25NOV08LSUALA-ALA10,2025-11-07T21:38:42.720806Z,0.47,18,no,909e2029-d497-59be-b92a-93cfa359ade5
KXNCAAFSPREAD-25NOV08LSUALA-ALA10,2025-11-07T21:31:00.315999Z,0.51,9,yes,24ed502b-6b56-5402-2224-252a7fd5477f
KXNCAAFSPREAD-25NOV08LSUALA-ALA10,2025-11-07T21:30:24.762969Z,0.46,35,no,ad964b05-ef1b-5cb1-0b36-12a5e4ef6b35
KXNCAAFSPREAD-25NOV08LSUALA-ALA10,2025-11-07T21:22:44.998765Z,0.46,227,no,cd1a316c-9f2b-4155-06f4-5e315f46f5ad
KXNCAAFSPREAD-25NOV08LSUALA-ALA10,2025-11-07T21:18:43.85619Z,0.51,10,yes,dbcc9619-e1be-4e2e-0b15-de104a0a126b
KXNCAAFSPREAD-25NOV08LSUALA-ALA10,2025-11-07T20:59:25.085362Z,0.51,10,yes,a4a5f0b0-c63a-412a-24c8-fb73bfcd4ee3
