ticker,created_time,price,count,taker_side,trade_id
KXNCAAMBSPREAD-25NOV08ALASJU-SJU3,2025-11-08T19:17:34.560664Z,0.01,100,yes,55af8640-ea80-4d81-1ed7-e30fe552ecdd
KXNCAAMBSPREAD-25NOV08ALASJU-SJU3,2025-11-08T19:11:19.302225Z,0.01,50,no,902dc838-2c32-7ba7-15dd-680a95f8e9b6
KXNCAAMBSPREAD-25NOV08ALASJU-SJU3,2025-11-08T19:11:07.697234Z,0.01,50,no,6950dff0-0e92-7da7-fc1a-b37d2372f856
KXNCAAMBSPREAD-25NOV08ALASJU-SJU3,2025-11-08T19:10:37.622852Z,0.01,50,no,e98c986d-4406-5f5b-e975-8a815bddd0ba
KXNCAAMBSPREAD-25NOV08ALASJU-SJU3,2025-11-08T19:09:54.651533Z,0.01,50,no,db8a0fac-870e-7957-fe19-abb3f9641f62
KXNCAAMBSPREAD-25NOV08ALASJU-SJU3,2025-11-08T18:31:46.432644Z,0.03,25,no,fe7eb486-3ac5-66b3-938f-b02d98338a33
KXNCAAMBSPREAD-25NOV08ALASJU-SJU3,2025-11-08T17:35:24.197653Z,0.03,25,no,6b57395c-e9ad-4e1f-4493-da6fb31fc907
KXNCAAMBSPREAD-25NOV08ALASJU-SJU3,2025-11-08T16:59:07.368793Z,0.57,100,yes,2143152b-6e92-73d9-636b-1df56ca55531
KXNCAAMBSPREAD-25NOV08ALASJU-SJU3,2025-11-08T16:57:57.107453Z,0.56,6116,yes,a2673fbf-589e-56aa-41ec-e7c1749cbf5b
KXNCAAMBSPREAD-25NOV08ALASJU-SJU3,2025-11-08T16:57:57.107453Z,0.57,1918,yes,81057b7a-bdca-5f99-6b9a-2fb3b07ee971
KXNCAAMBSPREAD-25NOV08ALASJU-SJU3,2025-11-08T16:57:57.107453Z,0.55,605,yes,1dbd12ac-00a3-52aa-713e-713f82ff8919
KXNCAAMBSPREAD-25NOV08ALASJU-SJU3,2025-11-08T16:57:46.652886Z,0.55,50,yes,006cacb9-34df-6cc6-3432-1e9ffa788611
KXNCAAMBSPREAD-25NOV08ALASJU-SJU3,2025-11-08T16:57:02.186564Z,0.54,10,no,b148a7da-5dae-5806-38cb-0191222d31b4
KXNCAAMBSPREAD-25NOV08ALASJU-SJU3,2025-11-08T16:56:23.822257Z,0.55,18,yes,6ecf6993-e19f-7972-d660-795a3d206ab9
KXNCAAMBSPREAD-25NOV08ALASJU-SJU3,2025-11-08T16:55:30.603714Z,0.54,685,no,42efa4be-17ae-5652-4658-d21c10660eec
KXNCAAMBSPREAD-25NOV08ALASJU-SJU3,2025-11-08T16:52:59.129212Z,0.55,750,yes,333cc831-5bb7-45c6-7312-c86943b8fffd
KXNCAAMBSPREAD-25NOV08ALASJU-SJU3,2025-11-08T16:51:14.15109Z,0.55,17,yes,4eb8aef5-847b-5c2a-7f5f-9e1a93f7a5f5
KXNCAAMBSPREAD-25NOV08ALASJU-SJU3,2025-11-08T16:49:18.098382Z,0.55,17,yes,9d09bc3d-58bb-6802-4df0-ea8299f7af9d
KXNCAAMBSPREAD-25NOV08ALASJU-SJU3,2025-11-08T16:48:50.11311Z,0.55,26,yes,e2a3cea0-3143-4cea-9965-f984dd8bb5ed
KXNCAAMBSPREAD-25NOV08ALASJU-SJU3,2025-11-08T16:47:41.318727Z,0.55,517,yes,9f4b0350-85ab-5c2a-c6d5-831f4cd33bd9
KXNCAAMBSPREAD-25NOV08ALASJU-SJU3,2025-11-08T16:45:40.099857Z,0.55,17,yes,836556d8-048c-7cd8-c8da-30e78900efa6
KXNCAAMBSPREAD-25NOV08ALASJU-SJU3,2025-11-08T16:45:27.76968Z,0.55,17,yes,5bf4280f-02c8-5cdc-50e7-67d46729fe9a
KXNCAAMBSPREAD-25NOV08ALASJU-SJU3,2025-11-08T16:44:45.795986Z,0.55,26,yes,1d5c6941-bad0-69bc-d5b7-c5caae92ffb2
KXNCAAMBSPREAD-25NOV08ALASJU-SJU3,2025-11-08T16:43:00.58453Z,0.55,13,yes,4a709816-68fc-46dc-c250-c08dd92cfe82
KXNCAAMBSPREAD-25NOV08ALASJU-SJU3,2025-11-08T16:42:40.214092Z,0.55,35,yes,d50404b2-05a0-4958-695b-ed8077be8fe2
KXNCAAMBSPREAD-25NOV08ALASJU-SJU3,2025-11-08T16:40:43.759597Z,0.57,5,yes,da222e21-ec57-69fb-ff6a-2bbc9513eb8a
KXNCAAMBSPREAD-25NOV08ALASJU-SJU3,2025-11-08T16:27:38.336167Z,0.58,167,yes,14d69597-4e7d-7f7a-ffe7-2e42c9fc6d6a
KXNCAAMBSPREAD-25NOV08ALASJU-SJU3,2025-11-08T16:23:44.951374Z,0.58,142,yes,b26c88e3-3469-52ce-2f62-36a3ca625406
KXNCAAMBSPREAD-25NOV08ALASJU-SJU3,2025-11-08T16:21:15.71406Z,0.58,25,yes,9f2925c3-1e35-5ed6-34ab-cca8de16cd52
KXNCAAMBSPREAD-25NOV08ALASJU-SJU3,2025-11-08T16:19:42.40548Z,0.58,8,yes,ee0d3565-b3b1-4cba-5fb9-f0c50e71aa86
KXNCAAMBSPREAD-25NOV08ALASJU-SJU3,2025-11-08T16:19:19.383418Z,0.58,8,yes,be694b7d-88a1-6992-b2fc-db7ad6b85f82
KXNCAAMBSPREAD-25NOV08ALASJU-SJU3,2025-11-08T16:13:15.841702Z,0.55,64,no,78615589-c5c9-66e3-1753-ee9a9e9a00df
KXNCAAMBSPREAD-25NOV08ALASJU-SJU3,2025-11-08T16:04:12.667075Z,0.58,66,yes,c236e6cb-c6e9-5af6-d89d-4ee716db0bd6
KXNCAAMBSPREAD-25NOV08ALASJU-SJU3,2025-11-08T16:03:52.508223Z,0.55,56,no,ac453eee-69c5-659f-aaf5-234a4997c2bb
KXNCAAMBSPREAD-25NOV08ALASJU-SJU3,2025-11-08T15:59:15.551718Z,0.58,41,yes,ea9acd94-24bd-634a-a34f-0296a8c25092
KXNCAAMBSPREAD-25NOV08ALASJU-SJU3,2025-11-08T15:48:41.381545Z,0.58,251,yes,65267778-bcdd-52d6-0daa-46cf121c49f2
KXNCAAMBSPREAD-25NOV08ALASJU-SJU3,2025-11-08T15:44:44.261903Z,0.58,50,yes,daec19bf-76e9-7c32-c761-6e9b0999a1da
KXNCAAMBSPREAD-25NOV08ALASJU-SJU3,2025-11-08T15:44:03.002715Z,0.57,2156,yes,ba7b520d-dcd0-699e-2587-ab6ed503e658
KXNCAAMBSPREAD-25NOV08ALASJU-SJU3,2025-11-08T15:44:03.002715Z,0.58,392,yes,97a5cb26-8485-6376-31f3-938949607d7e
KXNCAAMBSPREAD-25NOV08ALASJU-SJU3,2025-11-08T15:40:27.083132Z,0.57,285,yes,dd249306-2124-757e-0b5d-98ff90036468
KXNCAAMBSPREAD-25NOV08ALASJU-SJU3,2025-11-08T15:40:24.054924Z,0.53,2,no,3eb0c1e3-efc4-4f7b-d2b6-96dd33ca8b57
KXNCAAMBSPREAD-25NOV08ALASJU-SJU3,2025-11-08T15:37:46.608122Z,0.57,2,yes,8977cc60-70b4-62fe-b005-8a76dad30fa8
KXNCAAMBSPREAD-25NOV08ALASJU-SJU3,2025-11-08T15:34:58.825509Z,0.57,10,yes,85a750df-bef4-5bae-381d-44a115a0bfe4
KXNCAAMBSPREAD-25NOV08ALASJU-SJU3,2025-11-08T15:21:51.110522Z,0.57,34,yes,d9fd29b9-2644-651a-9a8a-47fce366be38
KXNCAAMBSPREAD-25NOV08ALASJU-SJU3,2025-11-08T15:19:59.389747Z,0.57,824,yes,40e690c1-8e3a-631d-7596-8bf49c5b6b48
KXNCAAMBSPREAD-25NOV08ALASJU-SJU3,2025-11-08T15:19:59.389747Z,0.58,27,yes,2a1748ae-e691-6a1a-79a5-ac5fd704373e
KXNCAAMBSPREAD-25NOV08ALASJU-SJU3,2025-11-08T15:14:45.26265Z,0.53,41,no,47c691f8-3bc8-7e5f-eb5f-289764bf6607
KXNCAAMBSPREAD-25NOV08ALASJU-SJU3,2025-11-08T15:11:04.729954Z,0.57,500,yes,4c152866-74aa-5001-d802-644cb78d89ec
KXNCAAMBSPREAD-25NOV08ALASJU-SJU3,2025-11-08T15:05:37.154807Z,0.57,85,yes,ec38e537-bbc6-5709-9d89-0f362b17ce84
KXNCAAMBSPREAD-25NOV08ALASJU-SJU3,2025-11-08T14:56:12.797582Z,0.56,8,no,12b0a554-02ef-7f29-b289-e7a358fe14e2
KXNCAAMBSPREAD-25NOV08ALASJU-SJU3,2025-11-08T14:52:57.358226Z,0.59,56,yes,9fac9c2d-3446-6020-b96c-86812446460b
KXNCAAMBSPREAD-25NOV08ALASJU-SJU3,2025-11-08T14:25:07.185783Z,0.59,28,yes,32a89d75-4dc6-5e9c-dc43-fdd047b08bcb
KXNCAAMBSPREAD-25NOV08ALASJU-SJU3,2025-11-08T14:20:41.896754Z,0.59,164,yes,963376ad-f47e-782c-1836-bad2da1487bf
KXNCAAMBSPREAD-25NOV08ALASJU-SJU3,2025-11-08T12:18:45.262631Z,0.63,77,yes,abd97f07-1880-6f54-5b22-47ae0fc46d52
