ticker,created_time,price,count,taker_side,trade_id
KXNCAAFSPREAD-25NOV08WAKEUVA-UVA7,2025-11-09T03:06:45.915854Z,0.03,100,no,87e1bd92-4142-4009-0cdb-78f640e108fc
KXNCAAFSPREAD-25NOV08WAKEUVA-UVA7,2025-11-09T03:06:45.915854Z,0.02,200,no,7f6f6714-9022-44b0-08f2-9417e51c9a29
KXNCAAFSPREAD-25NOV08WAKEUVA-UVA7,2025-11-09T03:06:45.915854Z,0.01,1,no,67638d58-86ba-43cf-1e98-ca56ccfb198d
KXNCAAFSPREAD-25NOV08WAKEUVA-UVA7,2025-11-09T03:06:45.915854Z,0.01,300,no,5202434b-b098-4814-3cb9-a291b5d0f358
KXNCAAFSPREAD-25NOV08WAKEUVA-UVA7,2025-11-09T02:51:02.316853Z,0.07,99,no,f2f5a60e-aaa8-630c-e228-02149787fcce
KXNCAAFSPREAD-25NOV08WAKEUVA-UVA7,2025-11-09T02:51:02.316853Z,0.06,100,no,dda737aa-5ee5-6153-e182-082c2b09d979
KXNCAAFSPREAD-25NOV08WAKEUVA-UVA7,2025-11-09T02:50:10.120518Z,0.07,1,no,4b72187a-2ef0-5e24-101f-d42d2aadfbee
KXNCAAFSPREAD-25NOV08WAKEUVA-UVA7,2025-11-09T02:47:49.432437Z,0.08,19,no,08028b24-413a-5a0a-d9ff-f87c73877dda
KXNCAAFSPREAD-25NOV08WAKEUVA-UVA7,2025-11-09T02:47:27.419263Z,0.08,1,no,4eef5225-df76-4936-da8d-223f3f51e076
KXNCAAFSPREAD-25NOV08WAKEUVA-UVA7,2025-11-09T02:31:38.833555Z,0.1,10,no,0b47da8b-cf4b-6887-dbdf-131aa65316d3
KXNCAAFSPREAD-25NOV08WAKEUVA-UVA7,2025-11-09T01:17:43.219595Z,0.56,10,yes,fe558d71-ce56-7616-0590-26959b0137f6
KXNCAAFSPREAD-25NOV08WAKEUVA-UVA7,2025-11-09T01:17:43.219595Z,0.57,385,yes,c8229f05-dab0-7b69-1acf-cbc74cef92ef
KXNCAAFSPREAD-25NOV08WAKEUVA-UVA7,2025-11-09T01:17:43.219595Z,0.81,93,yes,6cc71bb5-70a8-70a3-2803-ac5060c2b407
KXNCAAFSPREAD-25NOV08WAKEUVA-UVA7,2025-11-09T01:17:43.219595Z,0.8,20,yes,4b68454b-c704-7d7e-3da6-215a59999155
KXNCAAFSPREAD-25NOV08WAKEUVA-UVA7,2025-11-09T01:12:10.562517Z,0.42,10,no,84ca46d6-ac8d-4014-e274-98d5913d6274
KXNCAAFSPREAD-25NOV08WAKEUVA-UVA7,2025-11-09T01:12:10.562517Z,0.41,220,no,268af99f-cd0e-4abc-f112-4fa03f7153f0
KXNCAAFSPREAD-25NOV08WAKEUVA-UVA7,2025-11-09T01:01:26.728268Z,0.35,20,no,d4caf681-6d0e-4ec4-a696-aeb2798f669c
KXNCAAFSPREAD-25NOV08WAKEUVA-UVA7,2025-11-09T01:01:26.728268Z,0.36,10,no,25e50bdf-2ee5-45ce-b2d7-eb194484b634
KXNCAAFSPREAD-25NOV08WAKEUVA-UVA7,2025-11-09T00:58:53.578912Z,0.57,24,yes,80f7c8e5-330e-78ad-0280-7f2bf9ddc13f
KXNCAAFSPREAD-25NOV08WAKEUVA-UVA7,2025-11-09T00:58:53.578912Z,0.56,10,yes,5487e457-d8a7-7392-034c-ca87d9574c0e
KXNCAAFSPREAD-25NOV08WAKEUVA-UVA7,2025-11-09T00:54:21.355809Z,0.44,142,yes,d4d9cfb6-9fc6-44fd-69c9-6cc9fa8bac99
KXNCAAFSPREAD-25NOV08WAKEUVA-UVA7,2025-11-09T00:37:15.151753Z,0.6,56,yes,67d49ef1-4f64-535c-d118-4cbb5345e2b5
KXNCAAFSPREAD-25NOV08WAKEUVA-UVA7,2025-11-09T00:35:57.642836Z,0.52,391,no,b6181c99-64c8-7d41-373d-6cf05a8eba26
KXNCAAFSPREAD-25NOV08WAKEUVA-UVA7,2025-11-09T00:31:45.5904Z,0.58,41,yes,24e3fb50-6100-69bc-9476-b4e50ac3b3d9
KXNCAAFSPREAD-25NOV08WAKEUVA-UVA7,2025-11-09T00:23:22.673281Z,0.5,100,yes,0ccc0083-f62c-5bb0-725e-0228cfd4bbb1
KXNCAAFSPREAD-25NOV08WAKEUVA-UVA7,2025-11-09T00:22:53.803923Z,0.5,96,no,15b4cd03-7a66-4330-21ec-090decf8c7a8
KXNCAAFSPREAD-25NOV08WAKEUVA-UVA7,2025-11-09T00:20:55.885837Z,0.5,289,no,94e45f6a-63fa-63b4-20ef-4003ad5479b4
KXNCAAFSPREAD-25NOV08WAKEUVA-UVA7,2025-11-09T00:20:03.612373Z,0.51,59,no,31412bb5-f45a-6248-b1f4-1d7683f348b0
KXNCAAFSPREAD-25NOV08WAKEUVA-UVA7,2025-11-09T00:16:47.742563Z,0.55,35,yes,73320bd6-9f0e-568c-70be-eb32ade750ef
KXNCAAFSPREAD-25NOV08WAKEUVA-UVA7,2025-11-09T00:15:49.431594Z,0.48,72,no,a856c181-096f-52f9-3596-7e1928c17237
KXNCAAFSPREAD-25NOV08WAKEUVA-UVA7,2025-11-09T00:15:49.431594Z,0.5,20,no,89bf4915-6be0-584a-1186-defd45becea2
KXNCAAFSPREAD-25NOV08WAKEUVA-UVA7,2025-11-09T00:15:07.071796Z,0.56,440,yes,31e55adc-9932-546c-430c-bd41eaa73d8b
KXNCAAFSPREAD-25NOV08WAKEUVA-UVA7,2025-11-09T00:14:00.36801Z,0.5,19,no,92b7eb44-47c3-4365-6a17-4e4518ffd68f
KXNCAAFSPREAD-25NOV08WAKEUVA-UVA7,2025-11-09T00:06:33.453176Z,0.41,33,no,9be6f2f6-b121-4284-43fe-103327ad4d9e
KXNCAAFSPREAD-25NOV08WAKEUVA-UVA7,2025-11-09T00:03:17.863898Z,0.81,122,yes,d9769c93-f078-7867-0373-913196bc1e33
KXNCAAFSPREAD-25NOV08WAKEUVA-UVA7,2025-11-09T00:03:17.863898Z,0.8,20,yes,a1716f7e-9edc-7942-24d1-c75c178ec6aa
KXNCAAFSPREAD-25NOV08WAKEUVA-UVA7,2025-11-09T00:03:17.863898Z,0.44,231,yes,201aefab-5562-7c7a-11ac-c75aef07c016
KXNCAAFSPREAD-25NOV08WAKEUVA-UVA7,2025-11-09T00:00:40.749379Z,0.44,21,yes,5db0bc38-cf9e-73ba-4b3e-365d29e8fc8e
KXNCAAFSPREAD-25NOV08WAKEUVA-UVA7,2025-11-08T23:58:56.412443Z,0.44,16,yes,7753e23c-6952-4f2e-bb30-bd047a3516e2
KXNCAAFSPREAD-25NOV08WAKEUVA-UVA7,2025-11-08T23:58:56.412443Z,0.44,27,yes,5e22de9f-0bae-4458-a167-544cdda3a29b
KXNCAAFSPREAD-25NOV08WAKEUVA-UVA7,2025-11-08T23:56:32.231949Z,0.43,851,no,f8a805dc-ef18-7720-c4fc-06fed73413ae
KXNCAAFSPREAD-25NOV08WAKEUVA-UVA7,2025-11-08T23:55:26.572189Z,0.43,100,no,6f48f3b4-41d4-58a8-4a43-1b8e5b6f8476
KXNCAAFSPREAD-25NOV08WAKEUVA-UVA7,2025-11-08T23:55:00.268822Z,0.43,9,no,743e1265-123c-5228-4533-e14bfdccb65e
KXNCAAFSPREAD-25NOV08WAKEUVA-UVA7,2025-11-08T23:36:55.919801Z,0.43,243,no,65d178f0-1fac-67f0-f277-1a3943bb6c1e
KXNCAAFSPREAD-25NOV08WAKEUVA-UVA7,2025-11-08T23:30:07.480924Z,0.43,20,no,c7222bf0-4758-5164-c5d0-48c782a9077e
KXNCAAFSPREAD-25NOV08WAKEUVA-UVA7,2025-11-08T23:27:28.231048Z,0.43,170,no,bd9f39a0-4c54-4c74-3356-8dbebba984d6
KXNCAAFSPREAD-25NOV08WAKEUVA-UVA7,2025-11-08T23:27:11.05178Z,0.43,19,no,dc658c66-f8a4-5724-125b-8ea3f076a956
KXNCAAFSPREAD-25NOV08WAKEUVA-UVA7,2025-11-08T23:25:21.909099Z,0.43,37,no,2a0a028b-82b4-5150-de1e-c92bd466539e
KXNCAAFSPREAD-25NOV08WAKEUVA-UVA7,2025-11-08T23:25:02.54898Z,0.44,1,yes,994f9145-448d-756f-dd11-43b393c12adf
KXNCAAFSPREAD-25NOV08WAKEUVA-UVA7,2025-11-08T23:25:02.54898Z,0.44,33,yes,0aeba597-3b96-702c-c305-99535e17a4cb
KXNCAAFSPREAD-25NOV08WAKEUVA-UVA7,2025-11-08T23:23:20.213635Z,0.44,4,yes,b04e56fd-6245-71c7-7950-2fd1f983bae3
KXNCAAFSPREAD-25NOV08WAKEUVA-UVA7,2025-11-08T23:21:20.071034Z,0.41,30,yes,c62fc263-853a-547c-7ee4-029886b0c8dd
KXNCAAFSPREAD-25NOV08WAKEUVA-UVA7,2025-11-08T23:18:44.977415Z,0.41,702,yes,dfb54ba8-6c2e-6d20-3b5b-9c3d4ad3b5bd
KXNCAAFSPREAD-25NOV08WAKEUVA-UVA7,2025-11-08T23:18:26.762212Z,0.4,66,no,f87c5e70-3102-5dda-f68b-49b13221bc8a
KXNCAAFSPREAD-25NOV08WAKEUVA-UVA7,2025-11-08T23:16:12.308521Z,0.4,3,no,b31e821f-587a-52ce-6d25-306d27f8bbda
KXNCAAFSPREAD-25NOV08WAKEUVA-UVA7,2025-11-08T23:04:04.949248Z,0.4,34,no,5b50b71d-4b62-55ce-dbab-56c73c81d01a
KXNCAAFSPREAD-25NOV08WAKEUVA-UVA7,2025-11-08T22:41:58.205425Z,0.4,1,no,44c4da74-f5c6-6792-b845-8b0b5c3f83ce
KXNCAAFSPREAD-25NOV08WAKEUVA-UVA7,2025-11-08T22:07:55.079433Z,0.41,16,no,5396cd81-d484-5587-5a92-7264a893fe25
KXNCAAFSPREAD-25NOV08WAKEUVA-UVA7,2025-11-08T22:04:22.263041Z,0.41,3,no,198dee79-7ee8-7607-509d-1b99bfb1f011
KXNCAAFSPREAD-25NOV08WAKEUVA-UVA7,2025-11-08T21:29:07.60037Z,0.41,5,yes,d7ec75d1-53e9-5609-3260-c5e4932634f6
KXNCAAFSPREAD-25NOV08WAKEUVA-UVA7,2025-11-08T21:29:07.60037Z,0.43,306,yes,c5ae2641-4aff-542d-3904-da26e166c5fc
KXNCAAFSPREAD-25NOV08WAKEUVA-UVA7,2025-11-08T21:29:07.60037Z,0.42,25,yes,50865249-c4a3-561d-0f68-d4fc27ab1179
KXNCAAFSPREAD-25NOV08WAKEUVA-UVA7,2025-11-08T21:18:14.902056Z,0.4,35,no,de147baa-a5fa-789a-833a-876786edb16e
KXNCAAFSPREAD-25NOV08WAKEUVA-UVA7,2025-11-08T21:14:42.363917Z,0.4,5,no,13a71596-6afa-44a6-e44e-456421f87a9e
KXNCAAFSPREAD-25NOV08WAKEUVA-UVA7,2025-11-08T21:14:06.410494Z,0.4,1,no,7a40d14b-e1b6-7242-37e8-5ad1db87ef7a
KXNCAAFSPREAD-25NOV08WAKEUVA-UVA7,2025-11-08T20:59:50.182591Z,0.4,113,no,98dd9aa7-cd96-7d8e-4e31-5a6ff896faaa
KXNCAAFSPREAD-25NOV08WAKEUVA-UVA7,2025-11-08T20:28:26.991683Z,0.4,24,no,bb0d1c3f-7f7e-4526-762b-434000845f7a
KXNCAAFSPREAD-25NOV08WAKEUVA-UVA7,2025-11-08T18:53:33.403662Z,0.41,4120,no,559e7dcb-b0ca-7a49-0d3d-d7574455bd5b
KXNCAAFSPREAD-25NOV08WAKEUVA-UVA7,2025-11-08T18:11:55.683068Z,0.41,230,no,a801ad2c-849a-7e4d-cada-7c1e8b0d6f6f
KXNCAAFSPREAD-25NOV08WAKEUVA-UVA7,2025-11-08T18:11:55.683068Z,0.42,25,no,463191a8-c0b3-73a2-e494-d8361df240dc
KXNCAAFSPREAD-25NOV08WAKEUVA-UVA7,2025-11-08T18:10:47.333543Z,0.44,10,yes,993c2d92-d6cc-650e-4625-77f8bbc737cd
KXNCAAFSPREAD-25NOV08WAKEUVA-UVA7,2025-11-08T17:55:11.442487Z,0.42,20,no,0cb90370-afe6-68c1-087a-ea4e89bba75d
KXNCAAFSPREAD-25NOV08WAKEUVA-UVA7,2025-11-08T17:46:01.876608Z,0.42,8,no,af51b4da-a10e-7755-a556-09f99d11880d
KXNCAAFSPREAD-25NOV08WAKEUVA-UVA7,2025-11-08T17:40:42.565996Z,0.42,66,no,8ae9aef2-6ac2-4561-c639-5b31060c8f31
KXNCAAFSPREAD-25NOV08WAKEUVA-UVA7,2025-11-08T17:25:17.995247Z,0.42,1088,no,40094c8f-2802-5815-e701-b57fb24d9935
KXNCAAFSPREAD-25NOV08WAKEUVA-UVA7,2025-11-08T17:24:18.665317Z,0.42,25,no,0df9394f-ff62-4689-7233-4d05aeb82ca9
KXNCAAFSPREAD-25NOV08WAKEUVA-UVA7,2025-11-08T17:23:43.744936Z,0.42,75,no,1d1c31e2-413a-49e5-5c6e-339445fa4419
KXNCAAFSPREAD-25NOV08WAKEUVA-UVA7,2025-11-08T17:21:47.113992Z,0.42,50,no,a5d45b93-b726-6e39-e701-ebd094d39275
KXNCAAFSPREAD-25NOV08WAKEUVA-UVA7,2025-11-08T17:15:34.602817Z,0.42,16,no,57046f7b-4a7e-40c9-766e-ab0089baebc9
KXNCAAFSPREAD-25NOV08WAKEUVA-UVA7,2025-11-08T16:56:17.077044Z,0.42,4,no,ddff9758-9a3a-62a9-8ef4-a165f52949f1
KXNCAAFSPREAD-25NOV08WAKEUVA-UVA7,2025-11-08T16:47:08.21533Z,0.42,16,no,ccca7cb2-707a-6ddd-cb40-2115b6770a25
KXNCAAFSPREAD-25NOV08WAKEUVA-UVA7,2025-11-08T16:44:06.139809Z,0.42,16,no,aa0bc72d-ce8a-66b9-a7fa-825b4912c9cd
KXNCAAFSPREAD-25NOV08WAKEUVA-UVA7,2025-11-08T16:29:01.532569Z,0.42,8,no,1eb551fa-ac3a-51a1-8af9-b128c16d0bfd
KXNCAAFSPREAD-25NOV08WAKEUVA-UVA7,2025-11-08T16:27:39.107384Z,0.42,125,no,d2b93747-861a-7fd9-f209-60a3f15e3cdd
KXNCAAFSPREAD-25NOV08WAKEUVA-UVA7,2025-11-08T15:26:55.648152Z,0.42,586,no,18a962b4-5526-4601-b12b-9171c9006819
KXNCAAFSPREAD-25NOV08WAKEUVA-UVA7,2025-11-08T15:19:52.188617Z,0.42,58,no,e1e29a15-6d92-6a81-2ba2-b254c152cf35
KXNCAAFSPREAD-25NOV08WAKEUVA-UVA7,2025-11-08T15:14:50.65797Z,0.42,16,no,e7d3e7d3-cd72-76d1-2cdb-fa507fc5d225
KXNCAAFSPREAD-25NOV08WAKEUVA-UVA7,2025-11-08T14:56:11.751672Z,0.42,16,no,2061977e-e78a-4705-f625-af329eb9b7a5
KXNCAAFSPREAD-25NOV08WAKEUVA-UVA7,2025-11-08T14:49:39.238929Z,0.42,1077,no,614809af-4e9e-5f9d-afa3-e0f73f77cca5
KXNCAAFSPREAD-25NOV08WAKEUVA-UVA7,2025-11-08T14:49:39.238929Z,0.43,8272,no,45aebf20-b212-5e5a-bc97-51eb30f96169
