ticker,created_time,price,count,taker_side,trade_id
KXNCAAFTOTAL-25NOV08LSUALA-49,2025-11-09T04:00:19.585475Z,0.08,3,yes,5c502beb-9a1a-536c-cbc7-3d329ec0f7e6
KXNCAAFTOTAL-25NOV08LSUALA-49,2025-11-09T03:59:43.002877Z,0.08,50,yes,c49d9576-5d18-68cf-1a40-dbed79eb0e65
KXNCAAFTOTAL-25NOV08LSUALA-49,2025-11-09T03:47:44.65108Z,0.01,300,no,eb652add-f702-53e9-2ca0-7c556e688853
KXNCAAFTOTAL-25NOV08LSUALA-49,2025-11-09T03:47:44.65108Z,0.02,46,no,6fbf0d94-06c8-566a-2066-2a10e5c4f5a6
KXNCAAFTOTAL-25NOV08LSUALA-49,2025-11-09T03:45:20.815448Z,0.02,32,no,d4766705-5250-463e-108d-182c09745412
KXNCAAFTOTAL-25NOV08LSUALA-49,2025-11-09T03:41:11.989039Z,0.02,28,no,90458e60-aec4-7f1e-0d22-e4588fdcf2ba
KXNCAAFTOTAL-25NOV08LSUALA-49,2025-11-09T03:29:17.910557Z,0.06,32,yes,72dfa092-0b64-478d-df81-8ca99b3e2127
KXNCAAFTOTAL-25NOV08LSUALA-49,2025-11-09T03:25:29.510671Z,0.02,75,no,73223803-20b8-4d9e-abce-1bd04a64470e
KXNCAAFTOTAL-25NOV08LSUALA-49,2025-11-09T03:22:59.552452Z,0.02,19,no,b4111596-11c4-7562-e92a-b2d05c7da41a
KXNCAAFTOTAL-25NOV08LSUALA-49,2025-11-09T03:20:07.583596Z,0.05,1,yes,d9a5fe6d-6006-76ce-d9ee-8be0e4fd1914
KXNCAAFTOTAL-25NOV08LSUALA-49,2025-11-09T03:13:11.15381Z,0.05,28,no,98aac807-f2a8-7ccd-e762-02d91195358a
KXNCAAFTOTAL-25NOV08LSUALA-49,2025-11-09T03:12:02.05656Z,0.05,38,no,217f605f-e340-6565-027c-fc8083af971a
KXNCAAFTOTAL-25NOV08LSUALA-49,2025-11-09T03:03:18.038914Z,0.1,77,no,1e3094b4-30a1-5fa6-fb31-c221525776c5
KXNCAAFTOTAL-25NOV08LSUALA-49,2025-11-09T03:01:52.474877Z,0.08,100,no,992732ec-3c6b-410f-69bf-57f48b34e0b3
KXNCAAFTOTAL-25NOV08LSUALA-49,2025-11-09T03:01:52.474877Z,0.05,34,no,38fca8b8-19f4-4b41-5049-c89fda4c3986
KXNCAAFTOTAL-25NOV08LSUALA-49,2025-11-09T03:01:52.474877Z,0.06,100,no,2e973bc2-f273-4c66-4d16-df110f0ab07a
KXNCAAFTOTAL-25NOV08LSUALA-49,2025-11-09T02:47:06.049112Z,0.23,412,yes,ddece4cc-ebda-73d5-2c0a-08d2e0b8e09f
KXNCAAFTOTAL-25NOV08LSUALA-49,2025-11-09T02:46:34.605596Z,0.12,46,no,2cd76eff-d966-50c4-4548-2c5f922e352b
KXNCAAFTOTAL-25NOV08LSUALA-49,2025-11-09T02:46:04.398994Z,0.16,9,no,f9c61c78-5d92-51c4-68fd-ed80e2ebaa3e
KXNCAAFTOTAL-25NOV08LSUALA-49,2025-11-09T02:46:04.398994Z,0.14,279,no,f9a3b2fb-5302-56a4-5daa-183973f92d84
KXNCAAFTOTAL-25NOV08LSUALA-49,2025-11-09T02:44:44.554686Z,0.17,16,no,49b1112a-f6aa-6734-f08d-63f4c41861c3
KXNCAAFTOTAL-25NOV08LSUALA-49,2025-11-09T02:42:30.744249Z,0.28,40,yes,f371c856-6212-5571-3acb-fff8419e2ab4
KXNCAAFTOTAL-25NOV08LSUALA-49,2025-11-09T02:42:08.626556Z,0.26,8,yes,ac243691-88f8-70a0-112b-06ad180f4bde
KXNCAAFTOTAL-25NOV08LSUALA-49,2025-11-09T02:40:13.840066Z,0.25,265,yes,5654f7e8-9bc0-641b-f1cc-efb0e60ef1a6
KXNCAAFTOTAL-25NOV08LSUALA-49,2025-11-09T02:39:11.495818Z,0.26,18,yes,989bd930-68c6-7127-b453-a85f19b4c073
KXNCAAFTOTAL-25NOV08LSUALA-49,2025-11-09T02:25:55.540748Z,0.24,502,no,2479d111-adde-5af8-fb0c-4b27d081a0d3
KXNCAAFTOTAL-25NOV08LSUALA-49,2025-11-09T02:20:35.880471Z,0.24,47,no,aafe8cba-a2ba-5cb0-0f27-9aeb2dff62b3
KXNCAAFTOTAL-25NOV08LSUALA-49,2025-11-09T02:11:13.21193Z,0.32,44,yes,4a1dbbe1-ff52-658c-704a-c1028713a458
KXNCAAFTOTAL-25NOV08LSUALA-49,2025-11-09T01:53:52.024588Z,0.29,138,no,0cb9a835-5d78-54d1-bf63-b32e0c87916e
KXNCAAFTOTAL-25NOV08LSUALA-49,2025-11-09T01:47:08.701823Z,0.31,16,no,4b428a70-3945-7614-2a64-7970f967718e
KXNCAAFTOTAL-25NOV08LSUALA-49,2025-11-09T01:46:30.986372Z,0.31,100,no,2cba7170-16ed-6820-e61d-6336ce16a74e
KXNCAAFTOTAL-25NOV08LSUALA-49,2025-11-09T01:38:33.529575Z,0.22,10,no,d518ab82-7129-715b-e29b-09653c49daa4
KXNCAAFTOTAL-25NOV08LSUALA-49,2025-11-09T01:36:24.77788Z,0.18,74,no,93c24bab-4ff5-623b-043f-ef92f4e5dfdf
KXNCAAFTOTAL-25NOV08LSUALA-49,2025-11-09T01:36:13.570962Z,0.19,10,no,b606a5c3-3b93-6619-d820-d892f6e5480d
KXNCAAFTOTAL-25NOV08LSUALA-49,2025-11-09T01:36:08.576262Z,0.2,533,no,b4785c96-c5d9-7047-1fc5-d868a7bb8228
KXNCAAFTOTAL-25NOV08LSUALA-49,2025-11-09T01:32:01.834241Z,0.19,48,no,bceb947d-2949-55d3-e01f-9948e3bf44dc
KXNCAAFTOTAL-25NOV08LSUALA-49,2025-11-09T01:30:15.547955Z,0.19,18,no,5abe7374-2785-57f3-d013-74510ebe7484
KXNCAAFTOTAL-25NOV08LSUALA-49,2025-11-09T01:29:16.118317Z,0.16,91,no,aef1b048-6d16-65ec-ce67-d73145d1f6e2
KXNCAAFTOTAL-25NOV08LSUALA-49,2025-11-09T01:27:18.72434Z,0.22,100,yes,013c1c49-6b2c-7b20-e39e-4af9389e58aa
KXNCAAFTOTAL-25NOV08LSUALA-49,2025-11-09T01:19:49.09515Z,0.21,5,no,09cd41a5-3945-4713-71d2-1aacc951d784
KXNCAAFTOTAL-25NOV08LSUALA-49,2025-11-09T01:19:40.207026Z,0.21,400,yes,273eaa67-e12c-7de3-d314-1628df875caa
KXNCAAFTOTAL-25NOV08LSUALA-49,2025-11-09T01:19:17.445366Z,0.21,100,no,69d0192f-297e-57f8-2b2b-3a77574a7415
KXNCAAFTOTAL-25NOV08LSUALA-49,2025-11-09T01:14:30.349606Z,0.3,15,yes,9821d1e7-42e7-4467-8068-fc40b8d4c0e8
KXNCAAFTOTAL-25NOV08LSUALA-49,2025-11-09T01:08:02.335611Z,0.22,40,no,6a49ddf6-3a31-6097-499f-237009885a30
KXNCAAFTOTAL-25NOV08LSUALA-49,2025-11-09T01:07:45.236263Z,0.22,193,no,e8a69988-8715-65af-a9ed-dac441852c50
KXNCAAFTOTAL-25NOV08LSUALA-49,2025-11-09T01:05:25.135665Z,0.28,170,yes,dec722ce-2dcd-4985-c9fb-30de7d9f67b7
KXNCAAFTOTAL-25NOV08LSUALA-49,2025-11-09T01:04:40.776235Z,0.23,1000,yes,c303a737-def5-4a69-5582-135eb0108b82
KXNCAAFTOTAL-25NOV08LSUALA-49,2025-11-09T01:03:31.540108Z,0.26,18,yes,a56053bd-2672-5901-0619-ee4a0b657f80
KXNCAAFTOTAL-25NOV08LSUALA-49,2025-11-09T01:02:15.396123Z,0.26,33,no,7afa66b0-3d53-63c4-606e-72bf599dc05f
KXNCAAFTOTAL-25NOV08LSUALA-49,2025-11-09T01:00:50.35602Z,0.33,193,no,94a19013-46bb-77fa-bcfd-6c8168d01e41
KXNCAAFTOTAL-25NOV08LSUALA-49,2025-11-09T01:00:50.35602Z,0.32,267,no,6fec971c-7945-74d8-ab35-32e1bdcf760a
KXNCAAFTOTAL-25NOV08LSUALA-49,2025-11-09T01:00:50.35602Z,0.33,807,no,20a4737c-cfa8-7d15-9b24-ad3d1dd74dd2
KXNCAAFTOTAL-25NOV08LSUALA-49,2025-11-09T01:00:37.851747Z,0.33,193,no,34991967-80ac-5a81-97e9-f7110e0be3e6
KXNCAAFTOTAL-25NOV08LSUALA-49,2025-11-09T00:56:33.06668Z,0.41,234,yes,7af5802c-a6c7-4f57-eae1-41af7d09f3e4
KXNCAAFTOTAL-25NOV08LSUALA-49,2025-11-09T00:56:17.961671Z,0.37,38,no,57b9e2e3-306a-66dc-3587-4f47991e42df
KXNCAAFTOTAL-25NOV08LSUALA-49,2025-11-09T00:55:05.798758Z,0.38,3,no,56b98255-adcd-74bf-be31-7df8e37986a0
KXNCAAFTOTAL-25NOV08LSUALA-49,2025-11-09T00:54:58.780777Z,0.37,6,no,0eda264e-aa8e-77ac-d5a2-b4cdda4c520b
KXNCAAFTOTAL-25NOV08LSUALA-49,2025-11-09T00:49:55.030225Z,0.58,8,yes,bca38fbf-388b-4d63-b095-d7031f47423c
KXNCAAFTOTAL-25NOV08LSUALA-49,2025-11-09T00:48:40.805647Z,0.52,113,no,873b35bf-0df1-4f6c-432c-dc32adfd3cf4
KXNCAAFTOTAL-25NOV08LSUALA-49,2025-11-09T00:47:47.022232Z,0.47,40,no,5458adf9-2ad9-4502-a247-416ea0595921
KXNCAAFTOTAL-25NOV08LSUALA-49,2025-11-09T00:46:34.882889Z,0.51,3,yes,68a33143-ccd1-73d6-d74a-e951402512d6
KXNCAAFTOTAL-25NOV08LSUALA-49,2025-11-09T00:43:32.028083Z,0.5,38,yes,78394dbc-3b19-6ed2-7538-bcf9c2e7a83e
KXNCAAFTOTAL-25NOV08LSUALA-49,2025-11-09T00:43:26.825634Z,0.48,186,no,46041349-5a09-5450-1b66-24cb2e4b7dce
KXNCAAFTOTAL-25NOV08LSUALA-49,2025-11-09T00:42:53.689971Z,0.51,47,yes,64919dbe-28dc-4ef1-4b58-742e6508a6b4
KXNCAAFTOTAL-25NOV08LSUALA-49,2025-11-09T00:40:39.930094Z,0.51,758,yes,ee1f8bfb-0020-6ddd-a682-e50f20355b68
KXNCAAFTOTAL-25NOV08LSUALA-49,2025-11-09T00:40:31.171321Z,0.51,98,yes,dc5d5b0d-df80-5341-230c-32db92c78ec8
KXNCAAFTOTAL-25NOV08LSUALA-49,2025-11-09T00:40:27.446875Z,0.51,19,yes,d39ccc7f-df0c-4a79-ba78-81a61a9945c4
KXNCAAFTOTAL-25NOV08LSUALA-49,2025-11-09T00:40:23.937747Z,0.5,11,yes,a7badb41-f012-4d60-e548-1bed7ae1cb84
KXNCAAFTOTAL-25NOV08LSUALA-49,2025-11-09T00:40:23.937747Z,0.51,7,yes,7e2979f1-32f4-48c5-ebcb-291498bac55c
KXNCAAFTOTAL-25NOV08LSUALA-49,2025-11-09T00:38:22.151236Z,0.51,27,yes,13822fe5-9938-7c61-2e54-75c824711520
KXNCAAFTOTAL-25NOV08LSUALA-49,2025-11-09T00:37:46.678805Z,0.51,108,yes,5c15a9bf-fa40-6dc5-cf77-e1afd7698790
KXNCAAFTOTAL-25NOV08LSUALA-49,2025-11-09T00:37:37.31676Z,0.51,200,yes,e1c8d530-5e74-6791-c1ff-6cb121c5a8e4
KXNCAAFTOTAL-25NOV08LSUALA-49,2025-11-09T00:36:59.939408Z,0.51,47,yes,b3c09c6f-4084-52c5-2da2-a09bbe8fd2e8
KXNCAAFTOTAL-25NOV08LSUALA-49,2025-11-09T00:36:07.002442Z,0.52,93,yes,9f50105f-7c43-55a1-76d8-5332ed727705
KXNCAAFTOTAL-25NOV08LSUALA-49,2025-11-09T00:35:43.306305Z,0.52,130,yes,cc35cb17-73bf-55f9-bced-44262b973d21
KXNCAAFTOTAL-25NOV08LSUALA-49,2025-11-09T00:35:39.601692Z,0.52,186,yes,c9fc2b14-32af-5d0d-bf8e-434a0722c445
KXNCAAFTOTAL-25NOV08LSUALA-49,2025-11-09T00:35:23.696357Z,0.52,92,yes,0c62b3f9-c3db-52d9-b671-220afdca9da5
KXNCAAFTOTAL-25NOV08LSUALA-49,2025-11-09T00:34:24.160051Z,0.5,481,no,2c49e2f6-2c10-7799-fff9-5b1d2c119ecf
KXNCAAFTOTAL-25NOV08LSUALA-49,2025-11-09T00:33:45.23081Z,0.52,18,yes,133429aa-5c37-5929-e175-86b7d0e615a1
KXNCAAFTOTAL-25NOV08LSUALA-49,2025-11-09T00:32:53.771869Z,0.52,9,yes,b0c6d87b-83f7-7051-c876-0a5cab93de61
KXNCAAFTOTAL-25NOV08LSUALA-49,2025-11-09T00:32:22.116359Z,0.52,228,yes,78667ad6-ab83-6559-e9af-5d653a3947c5
KXNCAAFTOTAL-25NOV08LSUALA-49,2025-11-09T00:32:05.165696Z,0.52,213,yes,6d83a6a0-f423-7ccd-c52c-90db76441d75
KXNCAAFTOTAL-25NOV08LSUALA-49,2025-11-09T00:30:33.753647Z,0.51,37,yes,5e98a15c-be5a-44df-edc2-7f1b3e0bc2ae
KXNCAAFTOTAL-25NOV08LSUALA-49,2025-11-09T00:30:16.090896Z,0.52,10,yes,8ac6d966-9e2e-6573-75e7-275f73f555ee
KXNCAAFTOTAL-25NOV08LSUALA-49,2025-11-09T00:30:16.090896Z,0.52,362,yes,23b2d259-4d03-676d-5190-44fdafaf1fb9
KXNCAAFTOTAL-25NOV08LSUALA-49,2025-11-09T00:29:54.354132Z,0.51,379,yes,de2e9e36-0ab8-48cd-657b-0a71f576b099
KXNCAAFTOTAL-25NOV08LSUALA-49,2025-11-09T00:29:43.691129Z,0.51,947,yes,f9339f4f-fb10-6ab5-06c1-b602620bbd01
KXNCAAFTOTAL-25NOV08LSUALA-49,2025-11-09T00:29:36.252487Z,0.5,38,no,a2b521fb-1570-651d-40a9-10e41fc9e9c7
KXNCAAFTOTAL-25NOV08LSUALA-49,2025-11-09T00:29:11.432723Z,0.51,94,yes,27b59442-aa40-64a9-5db6-95f2c1ac24e5
KXNCAAFTOTAL-25NOV08LSUALA-49,2025-11-09T00:29:07.028932Z,0.51,18,yes,138d7a26-aebc-4d95-e4e3-04bfc5c9b47d
KXNCAAFTOTAL-25NOV08LSUALA-49,2025-11-09T00:28:58.619125Z,0.51,20,yes,e9461a73-f518-6e1d-e415-769a44bf84e5
KXNCAAFTOTAL-25NOV08LSUALA-49,2025-11-09T00:27:59.948458Z,0.52,18,yes,25199539-6d1b-7cc6-deba-ad5c3d20d714
KXNCAAFTOTAL-25NOV08LSUALA-49,2025-11-09T00:27:37.225589Z,0.5,268,no,b515895e-cb90-593d-0f39-046c5d7cfc0b
KXNCAAFTOTAL-25NOV08LSUALA-49,2025-11-09T00:27:21.375943Z,0.51,1897,yes,d71e78ec-a488-4131-778c-ff1e9c23efc3
KXNCAAFTOTAL-25NOV08LSUALA-49,2025-11-09T00:27:20.494982Z,0.5,19,no,022f60d2-ab08-6fad-d7b8-472ce7b6596f
KXNCAAFTOTAL-25NOV08LSUALA-49,2025-11-09T00:27:01.380021Z,0.5,38,no,85bf4cf0-0398-5951-07f7-abab4b6c69ef
KXNCAAFTOTAL-25NOV08LSUALA-49,2025-11-09T00:26:41.740493Z,0.51,37,yes,1d377285-7788-6189-cfb3-a6d21492aeab
KXNCAAFTOTAL-25NOV08LSUALA-49,2025-11-09T00:26:19.039448Z,0.5,3,no,22fef120-bff4-7951-e916-381d52328c77
KXNCAAFTOTAL-25NOV08LSUALA-49,2025-11-09T00:26:04.038433Z,0.51,473,yes,497d82dc-8908-43d1-9c64-b0b33c4e0637
KXNCAAFTOTAL-25NOV08LSUALA-49,2025-11-09T00:25:59.195616Z,0.51,56,yes,29868826-45dc-6ea1-ff40-8dcbeeb9f1fb
KXNCAAFTOTAL-25NOV08LSUALA-49,2025-11-09T00:25:17.160468Z,0.51,663,yes,26154ad0-b808-489d-741b-a57d6ec89a5f
KXNCAAFTOTAL-25NOV08LSUALA-49,2025-11-09T00:24:49.427076Z,0.51,18,yes,9903032f-0b28-5dad-b456-992a9e283aef
KXNCAAFTOTAL-25NOV08LSUALA-49,2025-11-09T00:24:41.016121Z,0.51,76,yes,dfaf6315-658b-600b-06a7-a244eb27a2cb
KXNCAAFTOTAL-25NOV08LSUALA-49,2025-11-09T00:24:41.016121Z,0.51,18,yes,43f63033-f124-6bc1-0e5f-33621401cb8b
KXNCAAFTOTAL-25NOV08LSUALA-49,2025-11-09T00:24:34.41202Z,0.51,94,yes,0c6d341b-68f3-6547-e87e-81e5d2bcfc8f
KXNCAAFTOTAL-25NOV08LSUALA-49,2025-11-09T00:24:23.88641Z,0.51,544,yes,6a66d36c-cf67-7c53-cef8-8ca34677772b
KXNCAAFTOTAL-25NOV08LSUALA-49,2025-11-09T00:23:51.219885Z,0.5,13,no,e5d56ad6-d25c-6c4d-547d-64a929f62bc7
KXNCAAFTOTAL-25NOV08LSUALA-49,2025-11-09T00:23:51.219885Z,0.5,5,no,2d29bc90-f8a7-6482-76b2-80866f9ad3c5
KXNCAAFTOTAL-25NOV08LSUALA-49,2025-11-09T00:22:55.657723Z,0.51,379,yes,ae719357-18b7-4a77-f644-7b6ef4c1beaf
KXNCAAFTOTAL-25NOV08LSUALA-49,2025-11-09T00:22:18.86877Z,0.5,2,no,e406b84c-e8c7-4c36-bfa7-a506f6ee4f8d
KXNCAAFTOTAL-25NOV08LSUALA-49,2025-11-09T00:21:57.561304Z,0.51,16,yes,8a8f456b-ab23-5c6f-bd92-fc11ede028b3
KXNCAAFTOTAL-25NOV08LSUALA-49,2025-11-09T00:21:39.309817Z,0.51,9,yes,cdf74b8e-a5a3-728f-f2af-d8fdd8f2e557
KXNCAAFTOTAL-25NOV08LSUALA-49,2025-11-09T00:20:57.553731Z,0.5,94,no,1f460faa-0203-67de-6a78-394c6ac9fe49
KXNCAAFTOTAL-25NOV08LSUALA-49,2025-11-09T00:20:10.722101Z,0.51,94,yes,d2be61c3-7b37-6afb-9d7e-b742678ce66f
KXNCAAFTOTAL-25NOV08LSUALA-49,2025-11-09T00:19:23.130635Z,0.51,473,yes,b02e3e35-750b-4053-2f0d-61b64dbb2a5b
KXNCAAFTOTAL-25NOV08LSUALA-49,2025-11-09T00:18:42.531136Z,0.5,9,no,d8744e78-cabb-55c6-491b-f151e17c7885
KXNCAAFTOTAL-25NOV08LSUALA-49,2025-11-09T00:18:42.016043Z,0.51,200,yes,047f8f40-33c3-4c3b-acc6-6540bd54bce3
KXNCAAFTOTAL-25NOV08LSUALA-49,2025-11-09T00:17:11.510445Z,0.51,94,yes,56b083d8-85df-451f-c85c-7928b1d5238f
KXNCAAFTOTAL-25NOV08LSUALA-49,2025-11-09T00:17:07.031196Z,0.51,352,yes,c62f9988-5c3a-4095-c9fa-ee3c584d7381
KXNCAAFTOTAL-25NOV08LSUALA-49,2025-11-09T00:17:07.031196Z,0.51,21,yes,b46dee28-a253-430f-efe8-fe426c6d53ff
KXNCAAFTOTAL-25NOV08LSUALA-49,2025-11-09T00:16:52.103775Z,0.51,22,yes,fff09fab-beb2-7329-c631-98881a0ee425
KXNCAAFTOTAL-25NOV08LSUALA-49,2025-11-09T00:15:31.907743Z,0.51,32,yes,b0a00154-969e-5f39-1b5f-6f25663656d1
KXNCAAFTOTAL-25NOV08LSUALA-49,2025-11-09T00:14:56.440185Z,0.51,18,yes,d60cbdb5-5922-5991-5c4e-0f531eacc259
KXNCAAFTOTAL-25NOV08LSUALA-49,2025-11-09T00:14:54.265255Z,0.51,20,yes,5d6fab79-b4f6-7e99-61ea-62c18a75f2cd
KXNCAAFTOTAL-25NOV08LSUALA-49,2025-11-09T00:14:53.341016Z,0.51,254,yes,afc3f36f-665a-7f81-3930-ad1878e23c11
KXNCAAFTOTAL-25NOV08LSUALA-49,2025-11-09T00:14:50.336545Z,0.51,113,yes,ab2b4072-962e-665d-1af5-e2254e45e6ad
KXNCAAFTOTAL-25NOV08LSUALA-49,2025-11-09T00:14:32.800626Z,0.51,20,yes,5397e337-1286-7ad9-411b-2cd45d79a48d
KXNCAAFTOTAL-25NOV08LSUALA-49,2025-11-09T00:14:32.521931Z,0.51,75,yes,3663aa0a-cf06-5a39-fb2a-592fa9aaab31
KXNCAAFTOTAL-25NOV08LSUALA-49,2025-11-09T00:14:13.460222Z,0.51,18,yes,15a04c29-b5aa-43e1-b806-964ee88f80ed
KXNCAAFTOTAL-25NOV08LSUALA-49,2025-11-09T00:14:13.330714Z,0.51,20,yes,2389f336-4b7e-7d55-0247-e91a3f3e8129
KXNCAAFTOTAL-25NOV08LSUALA-49,2025-11-09T00:13:39.362488Z,0.51,37,yes,b0466ac0-27a2-5f35-4fdd-dcf97457ef7d
KXNCAAFTOTAL-25NOV08LSUALA-49,2025-11-09T00:13:06.6398Z,0.51,210,yes,7feffb13-7b82-60a1-9d57-5a873f8fa015
KXNCAAFTOTAL-25NOV08LSUALA-49,2025-11-09T00:10:40.252156Z,0.49,47,no,e773157d-a2b9-5fa4-57e6-4a0980e76d07
KXNCAAFTOTAL-25NOV08LSUALA-49,2025-11-09T00:10:21.058724Z,0.51,95,yes,f906c0ac-abca-61ed-5888-77e601f0b365
KXNCAAFTOTAL-25NOV08LSUALA-49,2025-11-09T00:09:15.940349Z,0.51,61,yes,f21192f1-5230-7e48-564b-3f45ecad90e3
KXNCAAFTOTAL-25NOV08LSUALA-49,2025-11-09T00:09:15.940349Z,0.51,91,yes,e3cd550d-06c6-7ecd-5de8-71c2c6544125
KXNCAAFTOTAL-25NOV08LSUALA-49,2025-11-09T00:09:15.940349Z,0.51,86,yes,df3093e7-c3a4-74a7-743e-4588472c792c
KXNCAAFTOTAL-25NOV08LSUALA-49,2025-11-09T00:09:15.940349Z,0.5,1,yes,5e04996b-2a65-798d-53cb-7ff83ed75aab
KXNCAAFTOTAL-25NOV08LSUALA-49,2025-11-09T00:09:15.940349Z,0.51,39,yes,3016addc-0503-7f28-4a7b-aec9b322669c
KXNCAAFTOTAL-25NOV08LSUALA-49,2025-11-09T00:09:12.579891Z,0.5,193,yes,5926ab87-3d95-5ed5-5678-48c2c5d9e33b
KXNCAAFTOTAL-25NOV08LSUALA-49,2025-11-09T00:08:41.47336Z,0.5,90,yes,4795b66c-efb9-5491-625e-8455447acebf
KXNCAAFTOTAL-25NOV08LSUALA-49,2025-11-09T00:08:20.691532Z,0.5,87,yes,d231a7c6-0b09-7529-6368-a52077be690b
KXNCAAFTOTAL-25NOV08LSUALA-49,2025-11-09T00:08:20.691532Z,0.5,101,yes,cd245e8b-2c39-7912-699b-87c8d6ef43f2
KXNCAAFTOTAL-25NOV08LSUALA-49,2025-11-09T00:08:20.691532Z,0.5,5,yes,c28d1d9e-a08c-7e0e-6e42-cf84fe9b48bb
KXNCAAFTOTAL-25NOV08LSUALA-49,2025-11-09T00:08:17.546638Z,0.5,473,yes,de4cb4cb-1fa1-4542-85d8-08b84f1b52d0
KXNCAAFTOTAL-25NOV08LSUALA-49,2025-11-09T00:08:17.546638Z,0.5,299,yes,564a7b3e-ffa1-40ee-906d-cd9880d39026
KXNCAAFTOTAL-25NOV08LSUALA-49,2025-11-09T00:08:13.552594Z,0.5,96,yes,67984f74-0e39-6cd6-039e-ebc1364e3740
KXNCAAFTOTAL-25NOV08LSUALA-49,2025-11-09T00:08:13.339499Z,0.5,25,yes,5f72a91f-fc45-4dca-2270-a8cf014a390c
KXNCAAFTOTAL-25NOV08LSUALA-49,2025-11-09T00:07:44.697474Z,0.5,50,yes,1b3ea188-df71-508e-45d0-4a8b33adfb0c
KXNCAAFTOTAL-25NOV08LSUALA-49,2025-11-09T00:06:42.846378Z,0.5,85,yes,077f7476-f2a9-74ce-3d5c-f252d37720b0
KXNCAAFTOTAL-25NOV08LSUALA-49,2025-11-09T00:06:12.207022Z,0.5,48,yes,33a36c19-7f0d-701e-e2cc-1e1fbacab0e4
KXNCAAFTOTAL-25NOV08LSUALA-49,2025-11-09T00:05:39.6792Z,0.5,50,yes,60173ef2-92b1-7daa-7b6d-8a55ebf6ad44
KXNCAAFTOTAL-25NOV08LSUALA-49,2025-11-09T00:05:29.236286Z,0.5,57,yes,51e80e54-b961-5fba-8589-4e150be748e0
KXNCAAFTOTAL-25NOV08LSUALA-49,2025-11-09T00:04:30.114535Z,0.5,91,yes,f4552e8f-55cd-5dbe-ac1f-e6f235fb19ec
KXNCAAFTOTAL-25NOV08LSUALA-49,2025-11-09T00:03:51.040848Z,0.5,1241,yes,9e536878-ff1d-43c6-b831-f5c84841b5a8
KXNCAAFTOTAL-25NOV08LSUALA-49,2025-11-09T00:03:40.739379Z,0.5,10,yes,6b4dd44e-0189-79f2-0175-80a7b0d73e30
KXNCAAFTOTAL-25NOV08LSUALA-49,2025-11-09T00:03:16.649745Z,0.5,104,yes,c4be15c9-6425-561a-8b9d-4a439cec03e8
KXNCAAFTOTAL-25NOV08LSUALA-49,2025-11-09T00:03:01.165976Z,0.5,77,yes,2d4ce142-81dd-7746-ccaa-4b51f0499f20
KXNCAAFTOTAL-25NOV08LSUALA-49,2025-11-09T00:02:59.495815Z,0.5,1,yes,3c6b4975-58bd-57da-54c5-1498c63e14cc
KXNCAAFTOTAL-25NOV08LSUALA-49,2025-11-09T00:02:52.994764Z,0.5,70,yes,95f3c1e8-4145-4b8e-ad40-fdce2a514a68
KXNCAAFTOTAL-25NOV08LSUALA-49,2025-11-09T00:02:32.682925Z,0.5,96,yes,ca062e2a-58e9-5b36-bdef-7aeac4c22010
KXNCAAFTOTAL-25NOV08LSUALA-49,2025-11-09T00:02:29.214008Z,0.49,345,no,cad9b883-2622-5253-e6a8-29e72406c8c0
KXNCAAFTOTAL-25NOV08LSUALA-49,2025-11-09T00:02:29.214008Z,0.48,1486,no,417447fc-fadf-5109-dda6-31da90ec22f8
KXNCAAFTOTAL-25NOV08LSUALA-49,2025-11-09T00:01:07.05982Z,0.49,14,no,76810236-a576-7d07-dc82-94dfe23493e4
KXNCAAFTOTAL-25NOV08LSUALA-49,2025-11-09T00:00:45.796873Z,0.5,28,yes,17aa03a7-6c7d-7142-fa34-306d66b9d6e4
KXNCAAFTOTAL-25NOV08LSUALA-49,2025-11-09T00:00:00.114577Z,0.5,14,yes,93531de6-3611-77a2-bcde-df87d386718c
KXNCAAFTOTAL-25NOV08LSUALA-49,2025-11-08T23:59:38.849781Z,0.5,75,yes,066c590d-9ea9-6ef2-2129-37c56ca06c9c
KXNCAAFTOTAL-25NOV08LSUALA-49,2025-11-08T23:59:07.084895Z,0.5,67,yes,80ecece3-13c5-70ee-9df9-fdce32fd79ec
KXNCAAFTOTAL-25NOV08LSUALA-49,2025-11-08T23:58:52.19226Z,0.5,96,yes,68ee40ed-d181-7d5e-5ecf-885164607f10
KXNCAAFTOTAL-25NOV08LSUALA-49,2025-11-08T23:58:31.468493Z,0.5,85,yes,017e08a0-5499-4a22-75e4-61cbd42625a4
KXNCAAFTOTAL-25NOV08LSUALA-49,2025-11-08T23:58:28.563195Z,0.5,193,yes,6d9a2f20-7229-5e02-2e79-b6dc4d9f5c5c
KXNCAAFTOTAL-25NOV08LSUALA-49,2025-11-08T23:58:11.121331Z,0.5,529,yes,7eb89427-b7d5-5c3a-e5e2-56145b904a1c
KXNCAAFTOTAL-25NOV08LSUALA-49,2025-11-08T23:56:58.745219Z,0.5,9,yes,55b03f5f-6d05-5202-36ad-599d49caf0dc
KXNCAAFTOTAL-25NOV08LSUALA-49,2025-11-08T23:56:27.259829Z,0.5,193,yes,af68caf5-f52d-579a-c293-a219e5f080c8
KXNCAAFTOTAL-25NOV08LSUALA-49,2025-11-08T23:55:01.989993Z,0.5,156,yes,a6813c30-fe41-50f6-cc19-e685644ec898
KXNCAAFTOTAL-25NOV08LSUALA-49,2025-11-08T23:54:45.705486Z,0.5,28,yes,ff2a2f7e-18f5-5d46-c34a-0dc9b9e3c63c
KXNCAAFTOTAL-25NOV08LSUALA-49,2025-11-08T23:54:24.720383Z,0.5,193,yes,8d55e379-eff1-721e-dcfe-f5dc53722724
KXNCAAFTOTAL-25NOV08LSUALA-49,2025-11-08T23:53:56.870262Z,0.5,38,yes,095c0dde-c811-4e5a-bb49-396fab939910
KXNCAAFTOTAL-25NOV08LSUALA-49,2025-11-08T23:52:28.58351Z,0.5,34,yes,0d2c0846-73d5-64e6-b619-dc3d56df0454
KXNCAAFTOTAL-25NOV08LSUALA-49,2025-11-08T23:49:20.008008Z,0.48,37,no,206bc077-7843-5831-06b8-e50eaf95cb84
KXNCAAFTOTAL-25NOV08LSUALA-49,2025-11-08T23:48:29.084331Z,0.5,262,yes,915b6365-84ed-4d46-8c80-201eac765af0
KXNCAAFTOTAL-25NOV08LSUALA-49,2025-11-08T23:48:14.640515Z,0.5,19,yes,8929c9d6-2415-6b2a-93f5-7a39f1cd64a8
KXNCAAFTOTAL-25NOV08LSUALA-49,2025-11-08T23:47:54.193387Z,0.5,407,yes,babb4797-3e65-79aa-3fba-2b3932c0f4fc
KXNCAAFTOTAL-25NOV08LSUALA-49,2025-11-08T23:47:54.193387Z,0.5,172,yes,5942c631-5931-7754-0d3d-03b621d2d26c
KXNCAAFTOTAL-25NOV08LSUALA-49,2025-11-08T23:47:38.961543Z,0.5,193,yes,48b826d2-a049-743c-d47f-bae600331208
KXNCAAFTOTAL-25NOV08LSUALA-49,2025-11-08T23:44:11.828638Z,0.5,19,yes,39a6b602-2499-499c-9d5f-0b9e3744f964
KXNCAAFTOTAL-25NOV08LSUALA-49,2025-11-08T23:43:27.929916Z,0.48,930,no,1f260544-c547-529d-5712-c0e65a38f820
KXNCAAFTOTAL-25NOV08LSUALA-49,2025-11-08T23:42:14.03934Z,0.5,155,yes,6ba8c584-0215-487c-a8d7-828d58dd5554
KXNCAAFTOTAL-25NOV08LSUALA-49,2025-11-08T23:40:37.6465Z,0.5,50,yes,9617aa6d-2571-58cc-3524-137d90a8daa4
KXNCAAFTOTAL-25NOV08LSUALA-49,2025-11-08T23:34:30.128652Z,0.5,40,yes,f8451bfd-b5c1-7c98-ac74-507075598508
KXNCAAFTOTAL-25NOV08LSUALA-49,2025-11-08T23:32:28.985372Z,0.48,94,no,5a05fb0c-6d73-4179-bc29-bb33173ea960
KXNCAAFTOTAL-25NOV08LSUALA-49,2025-11-08T23:32:28.985372Z,0.49,8,no,1be611d9-6a75-44f2-a5a3-3e9ef10e8177
KXNCAAFTOTAL-25NOV08LSUALA-49,2025-11-08T23:32:21.349182Z,0.49,32,no,56ee8f8d-7451-508a-b6db-95cbf5b663cf
KXNCAAFTOTAL-25NOV08LSUALA-49,2025-11-08T23:26:21.026453Z,0.48,102,no,96aa2f5d-a4bb-74d5-fb64-67f3345cefc4
KXNCAAFTOTAL-25NOV08LSUALA-49,2025-11-08T23:25:56.556162Z,0.48,19,no,ad16fde6-023f-5f5d-2354-b1f21c0e5734
KXNCAAFTOTAL-25NOV08LSUALA-49,2025-11-08T23:23:37.548066Z,0.5,19,yes,8eede931-7045-4934-b175-a91da0440678
KXNCAAFTOTAL-25NOV08LSUALA-49,2025-11-08T23:21:12.427237Z,0.5,1033,yes,1b2870e9-ba21-6720-0bb8-4bf2c823a794
KXNCAAFTOTAL-25NOV08LSUALA-49,2025-11-08T23:16:58.215628Z,0.5,10,yes,c48bf74a-832d-5fd4-63a5-782662d9f9e8
KXNCAAFTOTAL-25NOV08LSUALA-49,2025-11-08T23:16:52.101053Z,0.5,19,yes,011ee6da-66bd-5f1c-1b59-dbaf1847348c
KXNCAAFTOTAL-25NOV08LSUALA-49,2025-11-08T23:16:34.493188Z,0.5,15,yes,fb96779d-7129-5788-7cd3-1f7dd7721cc8
KXNCAAFTOTAL-25NOV08LSUALA-49,2025-11-08T23:16:01.813653Z,0.5,30,yes,46819867-6fe1-7a20-36a1-8dfc84b3b1a0
KXNCAAFTOTAL-25NOV08LSUALA-49,2025-11-08T23:15:36.889501Z,0.5,20,yes,ff467fd6-ef95-6f64-131e-eb0664925c60
KXNCAAFTOTAL-25NOV08LSUALA-49,2025-11-08T23:14:52.507024Z,0.5,38,yes,75c2cae6-3f05-62c8-1389-d04eb93f28a4
KXNCAAFTOTAL-25NOV08LSUALA-49,2025-11-08T23:14:50.38483Z,0.5,90,yes,25e3aaa5-a389-6d54-4839-0e922b1ac550
KXNCAAFTOTAL-25NOV08LSUALA-49,2025-11-08T23:14:34.283129Z,0.5,9,yes,cf56b8c2-0069-6a90-12ec-eb51912e6878
KXNCAAFTOTAL-25NOV08LSUALA-49,2025-11-08T23:14:26.247888Z,0.5,23,yes,82ba5fbe-6371-5a94-cd64-9dfaf960d5d8
KXNCAAFTOTAL-25NOV08LSUALA-49,2025-11-08T23:13:56.099802Z,0.5,19,yes,95d690bb-43bd-5710-c61f-e1dcb3aedbdc
KXNCAAFTOTAL-25NOV08LSUALA-49,2025-11-08T23:10:56.270698Z,0.5,114,yes,0d38093d-686d-60e4-b59b-1e7cd68c86f0
KXNCAAFTOTAL-25NOV08LSUALA-49,2025-11-08T23:09:43.722998Z,0.5,19,yes,25d689df-4231-71f4-443c-112dd1e33118
KXNCAAFTOTAL-25NOV08LSUALA-49,2025-11-08T23:03:47.656581Z,0.5,11,yes,0a033cd7-c56d-70d4-a287-f9878f1b7138
KXNCAAFTOTAL-25NOV08LSUALA-49,2025-11-08T23:02:17.416456Z,0.48,10,no,ed74266c-de23-48c1-9239-83dda9dcafe0
KXNCAAFTOTAL-25NOV08LSUALA-49,2025-11-08T22:54:43.946943Z,0.5,13,yes,ad9d7c4f-4055-5394-3af5-af7ccef99f2c
KXNCAAFTOTAL-25NOV08LSUALA-49,2025-11-08T22:49:33.266502Z,0.5,37,yes,1e1df22f-9195-43dc-acb3-7d29fd1b3654
KXNCAAFTOTAL-25NOV08LSUALA-49,2025-11-08T22:41:14.407797Z,0.48,93,no,02d7973e-d487-5241-d955-ef45b8a6681c
KXNCAAFTOTAL-25NOV08LSUALA-49,2025-11-08T22:39:18.511339Z,0.5,193,yes,41a09728-2079-4814-4442-a0cca75474e8
KXNCAAFTOTAL-25NOV08LSUALA-49,2025-11-08T22:34:50.793747Z,0.5,19,yes,b0493e65-1d29-6ffc-4e04-8836de521efc
KXNCAAFTOTAL-25NOV08LSUALA-49,2025-11-08T22:30:29.09578Z,0.48,18,no,a1e86d1c-1a83-60d9-f31d-4a9b545c9a7c
KXNCAAFTOTAL-25NOV08LSUALA-49,2025-11-08T22:29:57.629581Z,0.5,13,yes,7a6b6bee-4ebd-40b0-5d4c-afffb6bb9e68
KXNCAAFTOTAL-25NOV08LSUALA-49,2025-11-08T22:28:58.801738Z,0.5,38,yes,a2f1058d-47e9-5850-7307-7174eda88b44
KXNCAAFTOTAL-25NOV08LSUALA-49,2025-11-08T22:21:17.814671Z,0.5,25,yes,785c66c5-af7d-4ebc-ba2c-36e27006af10
KXNCAAFTOTAL-25NOV08LSUALA-49,2025-11-08T22:14:06.52177Z,0.5,19,yes,38da9a21-b9f9-5764-cb43-0eb6bfd65c6c
KXNCAAFTOTAL-25NOV08LSUALA-49,2025-11-08T22:13:21.563637Z,0.5,96,yes,7af37a1b-f8f9-75e8-4467-51081e27a8d4
KXNCAAFTOTAL-25NOV08LSUALA-49,2025-11-08T22:09:41.010411Z,0.48,204,no,680e855c-7adb-42a1-4953-6a7146079408
KXNCAAFTOTAL-25NOV08LSUALA-49,2025-11-08T22:06:00.144637Z,0.5,788,yes,425313b2-7a69-5dac-0681-22efe599ad6c
KXNCAAFTOTAL-25NOV08LSUALA-49,2025-11-08T21:58:30.982228Z,0.5,4,yes,ac61c513-b4e9-6364-5fdf-0516cf2f52fc
KXNCAAFTOTAL-25NOV08LSUALA-49,2025-11-08T21:54:33.892437Z,0.5,47,yes,0f925e57-87d9-77c4-5441-1fd064fa2ca0
KXNCAAFTOTAL-25NOV08LSUALA-49,2025-11-08T21:38:51.919218Z,0.48,70,no,a62d54ee-5b04-5767-6335-e1c525a1387c
KXNCAAFTOTAL-25NOV08LSUALA-49,2025-11-08T21:38:51.919218Z,0.48,88,no,30e0bd24-318b-596d-4890-6e101a0a84fc
KXNCAAFTOTAL-25NOV08LSUALA-49,2025-11-08T21:33:28.907177Z,0.48,18,no,384e4e6c-081c-6a8f-8219-048d12f3ca90
KXNCAAFTOTAL-25NOV08LSUALA-49,2025-11-08T21:32:56.477708Z,0.48,27,no,ecdc132d-eb60-56ff-2b8b-2393f724fb68
KXNCAAFTOTAL-25NOV08LSUALA-49,2025-11-08T21:32:56.477708Z,0.48,53,no,8cd6f9de-8c72-5ca0-1617-4e95b3991567
KXNCAAFTOTAL-25NOV08LSUALA-49,2025-11-08T21:32:56.477708Z,0.48,81,no,2ebd5344-d7bd-5285-221b-a612195da177
KXNCAAFTOTAL-25NOV08LSUALA-49,2025-11-08T21:32:56.477708Z,0.49,15,no,1227e916-f540-526a-0e13-4fc7315c36ea
KXNCAAFTOTAL-25NOV08LSUALA-49,2025-11-08T21:32:56.477708Z,0.48,10,no,0e5da63c-e897-56b1-1434-13e09883c0d8
KXNCAAFTOTAL-25NOV08LSUALA-49,2025-11-08T21:31:31.717508Z,0.5,10,yes,82d796a2-364d-4938-8957-bf8a57726020
KXNCAAFTOTAL-25NOV08LSUALA-49,2025-11-08T21:29:49.916036Z,0.5,193,yes,96650f1d-efb1-5098-04d3-6a8dc2d5c22c
KXNCAAFTOTAL-25NOV08LSUALA-49,2025-11-08T21:24:55.148778Z,0.5,19,yes,4da26252-88c5-74a8-a76a-9c819fca907c
KXNCAAFTOTAL-25NOV08LSUALA-49,2025-11-08T21:16:48.654487Z,0.5,96,yes,7359b3ec-293d-4ac0-36aa-93319db0a5c4
KXNCAAFTOTAL-25NOV08LSUALA-49,2025-11-08T21:12:03.321144Z,0.5,77,yes,0c436b7a-694d-6e68-d6c0-584f15f49cac
KXNCAAFTOTAL-25NOV08LSUALA-49,2025-11-08T21:07:53.242049Z,0.5,9,yes,da99952d-c451-492c-d99b-a6b3469a6ed4
KXNCAAFTOTAL-25NOV08LSUALA-49,2025-11-08T21:06:15.452479Z,0.5,3091,yes,054fd628-10c1-5834-2387-7c2a50a8422c
KXNCAAFTOTAL-25NOV08LSUALA-49,2025-11-08T20:52:34.214783Z,0.5,32,yes,0156ad6f-ec55-67e0-c811-b87f1978e9e8
KXNCAAFTOTAL-25NOV08LSUALA-49,2025-11-08T20:50:39.346849Z,0.49,5,no,09b1b9ee-7970-424e-4d1a-aa8bfe899d72
KXNCAAFTOTAL-25NOV08LSUALA-49,2025-11-08T20:46:36.674513Z,0.49,28,no,5c8e2582-6418-7e8e-40e4-e7b196f38676
KXNCAAFTOTAL-25NOV08LSUALA-49,2025-11-08T20:33:57.049247Z,0.5,100,yes,b26a7282-4971-687c-3e63-54e13d1676a0
KXNCAAFTOTAL-25NOV08LSUALA-49,2025-11-08T20:33:56.817261Z,0.5,100,yes,ab79d9e3-e991-4a40-db22-795d30eda880
KXNCAAFTOTAL-25NOV08LSUALA-49,2025-11-08T20:33:56.565185Z,0.5,100,yes,978fb05d-d8e5-7134-470b-bf07d5da1c18
KXNCAAFTOTAL-25NOV08LSUALA-49,2025-11-08T20:33:56.33938Z,0.5,100,yes,2dc70001-7cfd-6bbc-f0e5-bbdbdc1db010
KXNCAAFTOTAL-25NOV08LSUALA-49,2025-11-08T20:33:56.172901Z,0.5,100,yes,7dae2dab-e2e5-4250-d3a1-0bfef11dc5bc
KXNCAAFTOTAL-25NOV08LSUALA-49,2025-11-08T20:33:55.640299Z,0.5,100,yes,ef1ec899-e52d-6860-2850-d3bacc18b174
KXNCAAFTOTAL-25NOV08LSUALA-49,2025-11-08T20:33:55.296124Z,0.5,100,yes,1007c01d-34b5-5adc-1d5d-a8ac0495bfd0
KXNCAAFTOTAL-25NOV08LSUALA-49,2025-11-08T20:33:54.905334Z,0.5,100,yes,51478a7c-f331-59d4-7456-7566d4807b68
KXNCAAFTOTAL-25NOV08LSUALA-49,2025-11-08T20:33:54.611897Z,0.5,100,yes,61e6c17d-b4cd-5a50-2f9a-4f2e6d8aa428
KXNCAAFTOTAL-25NOV08LSUALA-49,2025-11-08T20:33:54.327763Z,0.5,100,yes,703bee37-896d-5410-003a-dba9561e1bc0
KXNCAAFTOTAL-25NOV08LSUALA-49,2025-11-08T20:33:54.1476Z,0.5,100,yes,98d217c2-10dd-6350-ddfe-a72d91433cd4
KXNCAAFTOTAL-25NOV08LSUALA-49,2025-11-08T20:33:53.8693Z,0.5,100,yes,6c9ba3d4-471d-6710-6600-45996c7e1d3c
KXNCAAFTOTAL-25NOV08LSUALA-49,2025-11-08T20:33:53.618178Z,0.5,100,yes,7e4fc480-7065-40a4-f74b-8b17bdde74a8
KXNCAAFTOTAL-25NOV08LSUALA-49,2025-11-08T20:33:53.367611Z,0.5,100,yes,7091fe39-dcd5-689c-773b-8f13d015c420
KXNCAAFTOTAL-25NOV08LSUALA-49,2025-11-08T20:33:53.052124Z,0.5,100,yes,aff07aeb-51a5-4f1c-0b64-25c48090376c
KXNCAAFTOTAL-25NOV08LSUALA-49,2025-11-08T20:33:52.757129Z,0.5,100,yes,b84fc71d-ba6d-7ec4-9c46-bcf3103b3948
KXNCAAFTOTAL-25NOV08LSUALA-49,2025-11-08T20:33:52.504946Z,0.5,100,yes,bc20ba9b-558d-5928-03a5-d4c24da0fc84
KXNCAAFTOTAL-25NOV08LSUALA-49,2025-11-08T20:33:52.283273Z,0.5,100,yes,f36e41d3-5361-6c44-ea02-6729695a6de8
KXNCAAFTOTAL-25NOV08LSUALA-49,2025-11-08T20:33:52.137334Z,0.5,100,yes,2b000fe0-880d-49ac-1c06-50b1de1252b8
KXNCAAFTOTAL-25NOV08LSUALA-49,2025-11-08T20:33:51.84848Z,0.5,100,yes,d7df8b3b-32e5-65ec-8a6d-df351fb7adb8
KXNCAAFTOTAL-25NOV08LSUALA-49,2025-11-08T20:33:51.607009Z,0.5,100,yes,d128f8e6-ed75-5e8c-9940-f124f4dc7370
KXNCAAFTOTAL-25NOV08LSUALA-49,2025-11-08T20:33:51.33489Z,0.5,100,yes,845c6975-5c61-4b88-0f7c-50103fedec1c
KXNCAAFTOTAL-25NOV08LSUALA-49,2025-11-08T20:33:50.942167Z,0.5,100,yes,8dd7a703-4f09-5330-4ff7-3c5b9c0c5520
KXNCAAFTOTAL-25NOV08LSUALA-49,2025-11-08T20:33:50.658358Z,0.5,100,yes,9eea92a1-6181-47a0-89d1-4910521e8d5c
KXNCAAFTOTAL-25NOV08LSUALA-49,2025-11-08T20:33:50.362761Z,0.5,100,yes,8035158e-996d-6f70-d619-2ab5a74706a0
KXNCAAFTOTAL-25NOV08LSUALA-49,2025-11-08T20:33:50.163862Z,0.5,100,yes,baa1a05e-36a5-7ae8-b470-5b1e2adf7474
KXNCAAFTOTAL-25NOV08LSUALA-49,2025-11-08T20:33:49.870317Z,0.5,100,yes,9732a790-7d39-52ec-81ed-336be4494078
KXNCAAFTOTAL-25NOV08LSUALA-49,2025-11-08T20:33:49.499056Z,0.5,100,yes,91b1c55c-6e29-452c-24e0-335972de2014
KXNCAAFTOTAL-25NOV08LSUALA-49,2025-11-08T20:33:49.222489Z,0.5,100,yes,dc0ac3b4-4a6d-7d50-c681-119b5b295588
KXNCAAFTOTAL-25NOV08LSUALA-49,2025-11-08T20:33:48.806777Z,0.5,100,yes,7def38e1-8601-6498-c1d3-93e1363e71d0
KXNCAAFTOTAL-25NOV08LSUALA-49,2025-11-08T20:30:51.472106Z,0.5,28,yes,22b414e3-ca3d-53e0-e74e-844e14c7dc48
KXNCAAFTOTAL-25NOV08LSUALA-49,2025-11-08T20:21:44.209237Z,0.49,1,no,136500fe-7e90-582e-d5c1-733cc8a0a182
KXNCAAFTOTAL-25NOV08LSUALA-49,2025-11-08T20:11:21.057394Z,0.5,5,yes,daebb5a1-9041-6590-6eb3-bec027f61834
KXNCAAFTOTAL-25NOV08LSUALA-49,2025-11-08T19:35:37.451888Z,0.5,9,yes,bacd62d4-c845-7ffc-d45b-0f032cb344a8
KXNCAAFTOTAL-25NOV08LSUALA-49,2025-11-08T19:22:29.943988Z,0.5,152,yes,783cec13-4e1b-5403-1e40-bbb2b3cc86c2
KXNCAAFTOTAL-25NOV08LSUALA-49,2025-11-08T19:22:29.943988Z,0.5,41,yes,0da2329e-20f5-5e88-3f6b-9c27561bc360
KXNCAAFTOTAL-25NOV08LSUALA-49,2025-11-08T19:02:38.781638Z,0.5,38,yes,f2a69f19-464b-673f-ccd3-971de84f79a6
KXNCAAFTOTAL-25NOV08LSUALA-49,2025-11-08T18:43:03.390397Z,0.5,14,yes,0c1729f8-4213-5fe3-58ca-831ba645786a
KXNCAAFTOTAL-25NOV08LSUALA-49,2025-11-08T18:36:37.309217Z,0.5,10,yes,8adb2dba-02b3-4273-03ba-304ba866dc7e
KXNCAAFTOTAL-25NOV08LSUALA-49,2025-11-08T18:25:29.189859Z,0.5,9,yes,f42defd7-71ff-7e3b-ed8e-0249940cd1fa
KXNCAAFTOTAL-25NOV08LSUALA-49,2025-11-08T18:25:28.301572Z,0.5,19,yes,bb80544c-b677-5daf-6251-af3da720ad4a
KXNCAAFTOTAL-25NOV08LSUALA-49,2025-11-08T17:59:03.733242Z,0.49,18,no,cd92151a-eb34-5226-8052-83b95ca6733e
KXNCAAFTOTAL-25NOV08LSUALA-49,2025-11-08T17:58:07.049168Z,0.49,37,no,17f00de0-5a10-6822-f8ff-30ad2e9b29be
KXNCAAFTOTAL-25NOV08LSUALA-49,2025-11-08T17:44:39.512544Z,0.5,193,yes,8e38db64-0bc3-7b73-1435-b008195f28f6
KXNCAAFTOTAL-25NOV08LSUALA-49,2025-11-08T17:35:29.678126Z,0.49,9,no,3a0c9350-4658-4cd2-d6a2-5931319b0c62
KXNCAAFTOTAL-25NOV08LSUALA-49,2025-11-08T17:05:23.343692Z,0.5,26,yes,f93a0989-ccff-7ac3-bae6-4ddb5c73c30e
KXNCAAFTOTAL-25NOV08LSUALA-49,2025-11-08T16:55:31.869488Z,0.5,10,yes,a5e1afec-5143-68e7-8595-ed598552570a
KXNCAAFTOTAL-25NOV08LSUALA-49,2025-11-08T16:48:59.906145Z,0.5,9,yes,9a23d965-08a3-5cbb-5cd6-e4c29e0a8ad2
KXNCAAFTOTAL-25NOV08LSUALA-49,2025-11-08T16:46:41.756342Z,0.49,15,no,d138936d-ea20-4a82-0c5f-1b47114557a6
KXNCAAFTOTAL-25NOV08LSUALA-49,2025-11-08T16:45:14.343098Z,0.5,10,yes,efe9d634-6033-7d27-e0a6-2ae8a12efed2
KXNCAAFTOTAL-25NOV08LSUALA-49,2025-11-08T16:37:28.107701Z,0.5,1932,yes,ea68b412-7ec3-65d3-b030-139b62d4bd96
KXNCAAFTOTAL-25NOV08LSUALA-49,2025-11-08T16:35:33.024944Z,0.49,22,no,2bf42e5a-9df4-64ea-56e1-16164adb9b3a
KXNCAAFTOTAL-25NOV08LSUALA-49,2025-11-08T16:28:16.598236Z,0.5,38,yes,d7489bcd-012b-63a3-fb0e-edf766d1d89e
KXNCAAFTOTAL-25NOV08LSUALA-49,2025-11-08T16:26:44.417849Z,0.49,18,no,b5abbb53-dccc-73fa-627f-ddcf72a218f2
KXNCAAFTOTAL-25NOV08LSUALA-49,2025-11-08T16:22:08.061326Z,0.49,32,no,5b5fe7a3-939c-732a-a8f4-d12c35a5edea
KXNCAAFTOTAL-25NOV08LSUALA-49,2025-11-08T16:20:46.734587Z,0.5,289,yes,0b012809-8493-771b-6e38-b7808c694c6a
KXNCAAFTOTAL-25NOV08LSUALA-49,2025-11-08T16:20:38.222462Z,0.5,28,yes,4429485a-4f33-69bb-0c1a-427b69521ba6
KXNCAAFTOTAL-25NOV08LSUALA-49,2025-11-08T15:52:46.809016Z,0.5,9,yes,6280086d-e1c6-7bd2-76d2-04d1da469ba5
KXNCAAFTOTAL-25NOV08LSUALA-49,2025-11-08T15:38:23.316494Z,0.5,38,yes,7eb90f97-ff46-47c2-753c-91b614b79d09
KXNCAAFTOTAL-25NOV08LSUALA-49,2025-11-08T15:16:09.247788Z,0.48,1,no,c26e24ad-78ea-4abe-f1ec-6d963aa40bb0
KXNCAAFTOTAL-25NOV08LSUALA-49,2025-11-08T15:13:53.595327Z,0.48,50,no,2e615c2f-0512-6716-33b7-133480b150b0
KXNCAAFTOTAL-25NOV08LSUALA-49,2025-11-08T14:39:34.834277Z,0.48,9,no,143a0d49-a5ae-7dd6-cc49-54e9d75b15b8
KXNCAAFTOTAL-25NOV08LSUALA-49,2025-11-08T14:35:26.870867Z,0.5,9,yes,07cf0a86-ba0a-47be-8307-268aa42d72ed
KXNCAAFTOTAL-25NOV08LSUALA-49,2025-11-08T14:00:21.640235Z,0.5,333,yes,306dc6e2-f9e6-756a-f9de-268b3588807d
KXNCAAFTOTAL-25NOV08LSUALA-49,2025-11-08T13:51:14.722682Z,0.48,46,no,56dab4d8-c05e-73c6-8016-e6777476b484
KXNCAAFTOTAL-25NOV08LSUALA-49,2025-11-08T13:34:56.800781Z,0.5,48,yes,0994a5e9-3c3a-7f32-9afc-fa48cf3e74fd
KXNCAAFTOTAL-25NOV08LSUALA-49,2025-11-08T13:25:05.15015Z,0.47,3,no,94e8602c-23c8-4530-5ff4-8f5170043712
KXNCAAFTOTAL-25NOV08LSUALA-49,2025-11-08T12:54:06.283301Z,0.51,26,yes,6bbbbda7-3a79-7721-bd01-841680a35403
KXNCAAFTOTAL-25NOV08LSUALA-49,2025-11-08T12:21:16.119699Z,0.5,19,yes,18309d10-7e96-6ad3-6c66-287fc4a356d6
KXNCAAFTOTAL-25NOV08LSUALA-49,2025-11-08T08:13:28.182901Z,0.5,20,yes,bffe7289-ceee-596f-3099-5cac263b4c5a
KXNCAAFTOTAL-25NOV08LSUALA-49,2025-11-08T08:03:54.217272Z,0.5,58,yes,4fc49a32-43b2-7da7-b8cc-9f697f8b35fa
KXNCAAFTOTAL-25NOV08LSUALA-49,2025-11-08T07:17:19.12263Z,0.47,18,no,23142bf2-5f9c-72ac-299f-6ff66f5595b6
KXNCAAFTOTAL-25NOV08LSUALA-49,2025-11-08T07:07:26.673161Z,0.51,9,yes,881394b2-9a79-4ec9-618d-65be03c79b0f
KXNCAAFTOTAL-25NOV08LSUALA-49,2025-11-08T06:50:38.200925Z,0.47,27,no,1feff098-4740-4968-3b1f-c77d840deed6
KXNCAAFTOTAL-25NOV08LSUALA-49,2025-11-08T06:24:16.076826Z,0.47,98,no,190f5258-d69e-52e8-6731-5eef1b8ccaf9
KXNCAAFTOTAL-25NOV08LSUALA-49,2025-11-08T06:03:32.517935Z,0.47,21,no,d136ccd2-08d6-59c4-e20a-63cdcfa02409
KXNCAAFTOTAL-25NOV08LSUALA-49,2025-11-08T05:48:23.509171Z,0.52,65,yes,3cfc54c0-77ac-6dd9-f45b-600585be528f
KXNCAAFTOTAL-25NOV08LSUALA-49,2025-11-08T05:46:15.152335Z,0.47,79,no,4e1aa7c5-b302-5172-8eff-0bed443a2761
KXNCAAFTOTAL-25NOV08LSUALA-49,2025-11-08T05:36:59.69736Z,0.52,46,yes,ff91b5aa-b714-4415-9eed-9fc9d34f85ef
KXNCAAFTOTAL-25NOV08LSUALA-49,2025-11-08T05:22:37.789145Z,0.52,186,yes,8a7be1a7-e08c-5731-e3f5-98de8969db73
KXNCAAFTOTAL-25NOV08LSUALA-49,2025-11-08T05:17:01.519529Z,0.47,9,no,df16bd5c-0e5e-6832-6da0-360a5523f901
KXNCAAFTOTAL-25NOV08LSUALA-49,2025-11-08T05:11:13.184049Z,0.52,18,yes,3df037c7-1910-74bd-9636-9e909f67d0bf
KXNCAAFTOTAL-25NOV08LSUALA-49,2025-11-08T05:01:25.141024Z,0.52,9,yes,4fd886dc-855c-7ddd-5e2f-509fa158e817
KXNCAAFTOTAL-25NOV08LSUALA-49,2025-11-08T04:59:35.084173Z,0.52,9,yes,5945c673-9538-7f81-5724-5ac9cf0ab303
KXNCAAFTOTAL-25NOV08LSUALA-49,2025-11-08T04:32:29.012057Z,0.52,18,yes,d1959567-ebe0-5d49-2c73-185534ae292f
KXNCAAFTOTAL-25NOV08LSUALA-49,2025-11-08T04:21:25.630389Z,0.52,182,yes,e9823fa9-15d0-5ad1-50d4-989579894aa3
KXNCAAFTOTAL-25NOV08LSUALA-49,2025-11-08T04:13:32.588347Z,0.52,68,yes,fdc02b21-0318-616e-efdf-8fa6b5cbdfa2
KXNCAAFTOTAL-25NOV08LSUALA-49,2025-11-08T04:13:32.588347Z,0.52,136,yes,95f4c8d0-8930-6095-c16d-cf46fa24748f
KXNCAAFTOTAL-25NOV08LSUALA-49,2025-11-08T04:10:04.183934Z,0.52,22,yes,2f7822fc-f024-79fe-008b-e05718f3e536
KXNCAAFTOTAL-25NOV08LSUALA-49,2025-11-08T03:29:08.325293Z,0.48,37,no,62741338-1e26-7b45-a68a-8a4e48ae7b29
KXNCAAFTOTAL-25NOV08LSUALA-49,2025-11-08T02:44:24.917561Z,0.51,9,yes,a22a5ead-bd75-566e-f1eb-93c66f9d5ceb
KXNCAAFTOTAL-25NOV08LSUALA-49,2025-11-08T01:27:11.799433Z,0.48,13,no,414893be-b906-7b49-06ee-340ece2b479d
KXNCAAFTOTAL-25NOV08LSUALA-49,2025-11-08T00:31:37.637028Z,0.52,74,yes,7f6b8655-23e6-415c-1e14-9301388ab473
KXNCAAFTOTAL-25NOV08LSUALA-49,2025-11-07T21:23:06.827983Z,0.46,172,no,f5dee574-6377-7b2d-a95f-da0a8cdc1267
KXNCAAFTOTAL-25NOV08LSUALA-49,2025-11-07T21:23:06.827983Z,0.46,55,no,40ee76e1-e7e1-7321-895b-69d730b676c9
KXNCAAFTOTAL-25NOV08LSUALA-49,2025-11-07T21:09:06.916229Z,0.46,35,no,e3c96c37-04b5-6d75-e58b-1c7acd8a1009
