ticker,created_time,price,count,taker_side,trade_id
KXNCAAFTOTAL-25NOV08TXAMMIZZ-39,2025-11-08T23:45:45.286747Z,0.99,32,no,27ba1b60-691c-6f01-fd5f-c51f0a07ea8e
KXNCAAFTOTAL-25NOV08TXAMMIZZ-39,2025-11-08T23:40:23.737905Z,0.99,2,no,81bf81e2-d2cc-58e1-5953-2f39383c0572
KXNCAAFTOTAL-25NOV08TXAMMIZZ-39,2025-11-08T23:37:24.552067Z,0.99,19,no,f900500a-6284-7c59-616a-a261d7b6d34a
KXNCAAFTOTAL-25NOV08TXAMMIZZ-39,2025-11-08T23:35:08.055271Z,0.99,1524,no,bcb7afac-2424-7e8d-7391-f3cf5d806922
KXNCAAFTOTAL-25NOV08TXAMMIZZ-39,2025-11-08T23:34:04.287585Z,0.99,40,no,a6d510b7-5dec-514d-f046-819105faa92a
KXNCAAFTOTAL-25NOV08TXAMMIZZ-39,2025-11-08T23:33:24.329886Z,0.98,200,yes,f9a081f9-562b-402b-999d-962b339f4655
KXNCAAFTOTAL-25NOV08TXAMMIZZ-39,2025-11-08T23:33:24.329886Z,0.97,23,yes,dc04ff22-34de-4e1c-9277-d8fecf9a3b62
KXNCAAFTOTAL-25NOV08TXAMMIZZ-39,2025-11-08T23:33:24.329886Z,0.99,300,yes,dab7dd9d-b67c-4be8-b5b1-28f33f9ecf58
KXNCAAFTOTAL-25NOV08TXAMMIZZ-39,2025-11-08T23:33:24.329886Z,0.99,1000,yes,8738cbb3-046a-46f3-81fb-5957291f7b27
KXNCAAFTOTAL-25NOV08TXAMMIZZ-39,2025-11-08T23:33:24.329886Z,0.99,252,yes,663a1885-bc83-4926-b2b3-03c755aa9343
KXNCAAFTOTAL-25NOV08TXAMMIZZ-39,2025-11-08T23:26:45.436357Z,0.72,10,yes,2932f720-0422-4d68-fff9-48fe08bc9232
KXNCAAFTOTAL-25NOV08TXAMMIZZ-39,2025-11-08T23:25:06.950562Z,0.75,1,yes,ff062144-4452-7bc8-4955-42b5eff28b22
KXNCAAFTOTAL-25NOV08TXAMMIZZ-39,2025-11-08T23:22:25.641881Z,0.8,10,yes,8cb637b4-5ff6-7aca-3a76-69b8a87f61e9
KXNCAAFTOTAL-25NOV08TXAMMIZZ-39,2025-11-08T23:19:46.694624Z,0.59,10,no,a855b215-16eb-42ef-19b0-9b09a1288f10
KXNCAAFTOTAL-25NOV08TXAMMIZZ-39,2025-11-08T23:18:34.687334Z,0.6,377,no,738e2154-a8fd-5b4e-507f-7ee1cf1dd83f
KXNCAAFTOTAL-25NOV08TXAMMIZZ-39,2025-11-08T23:17:55.890217Z,0.61,1,no,609f15d4-1cca-4b02-5f55-7b0fb46af33e
KXNCAAFTOTAL-25NOV08TXAMMIZZ-39,2025-11-08T23:17:54.575519Z,0.66,10,yes,80fd2b4d-2bb5-43f6-5d44-24e14f65ee67
KXNCAAFTOTAL-25NOV08TXAMMIZZ-39,2025-11-08T23:17:54.575519Z,0.7,851,yes,0aec9e9e-b1a1-4c7b-57d9-72a940250947
KXNCAAFTOTAL-25NOV08TXAMMIZZ-39,2025-11-08T23:13:30.718608Z,0.61,999,no,7bfba500-c887-5a82-9c93-64b4d1b02269
KXNCAAFTOTAL-25NOV08TXAMMIZZ-39,2025-11-08T23:13:30.718608Z,0.61,1,no,5966d674-dc91-57f1-8bae-3ffea8816bb3
KXNCAAFTOTAL-25NOV08TXAMMIZZ-39,2025-11-08T23:13:18.367Z,0.61,1,no,e8e6b384-6853-4656-6c49-d178b3db51e1
KXNCAAFTOTAL-25NOV08TXAMMIZZ-39,2025-11-08T23:05:12.256159Z,0.74,663,yes,445dacf3-d9c1-4407-46d2-f8f77afa6a6f
KXNCAAFTOTAL-25NOV08TXAMMIZZ-39,2025-11-08T23:05:06.348653Z,0.74,216,yes,c75fc403-1e7d-4883-96df-2675376e84fb
KXNCAAFTOTAL-25NOV08TXAMMIZZ-39,2025-11-08T22:55:56.312729Z,0.73,30,yes,852186ea-b25f-47e7-83dd-bccbd120f66e
KXNCAAFTOTAL-25NOV08TXAMMIZZ-39,2025-11-08T22:55:17.60127Z,0.7,15,no,fbceb7fb-3853-43bc-9814-f8639c7db589
KXNCAAFTOTAL-25NOV08TXAMMIZZ-39,2025-11-08T22:53:02.079341Z,0.64,28,no,10753f97-b0ae-4d51-fe7b-50fddfac939b
KXNCAAFTOTAL-25NOV08TXAMMIZZ-39,2025-11-08T22:52:22.143435Z,0.57,40,no,d3192fd4-a8ba-578d-6820-a883ce84b2a7
KXNCAAFTOTAL-25NOV08TXAMMIZZ-39,2025-11-08T22:51:22.736405Z,0.55,53,no,480986b9-b84d-673a-9d0c-4a9dd5c62d6f
KXNCAAFTOTAL-25NOV08TXAMMIZZ-39,2025-11-08T22:42:58.134637Z,0.45,10,yes,77c7adbb-24bd-5bdd-748d-20084f959947
KXNCAAFTOTAL-25NOV08TXAMMIZZ-39,2025-11-08T22:40:21.430318Z,0.29,25,no,f25338b3-2c68-65f5-192c-977c969d1c6e
KXNCAAFTOTAL-25NOV08TXAMMIZZ-39,2025-11-08T22:30:23.859355Z,0.29,185,no,cc4e91a2-ef89-7e8b-d9ad-08228ee7abe1
KXNCAAFTOTAL-25NOV08TXAMMIZZ-39,2025-11-08T22:14:04.745451Z,0.35,8,no,d27e9c05-06c5-7f1f-9266-dabeae3f12eb
KXNCAAFTOTAL-25NOV08TXAMMIZZ-39,2025-11-08T21:54:08.492185Z,0.3,15,no,19b988b1-90c8-4f4d-e19d-285401f7caf7
KXNCAAFTOTAL-25NOV08TXAMMIZZ-39,2025-11-08T21:42:07.939983Z,0.36,30,no,33fbcd0a-2ab9-62ec-19f5-7dee9ecac9e9
KXNCAAFTOTAL-25NOV08TXAMMIZZ-39,2025-11-08T21:41:53.708606Z,0.36,4,no,26bbdf7a-90ad-4ae8-788d-cd63f31643c1
KXNCAAFTOTAL-25NOV08TXAMMIZZ-39,2025-11-08T21:38:28.794876Z,0.37,154,no,a0675945-421c-59a5-b014-91dd75313fb2
KXNCAAFTOTAL-25NOV08TXAMMIZZ-39,2025-11-08T21:35:01.579177Z,0.52,613,yes,3a5d3935-cd1f-6eb5-a1aa-78a7155f49eb
KXNCAAFTOTAL-25NOV08TXAMMIZZ-39,2025-11-08T21:33:31.995166Z,0.56,1000,no,9c3baa72-fe08-4423-40a5-0890072a90bf
KXNCAAFTOTAL-25NOV08TXAMMIZZ-39,2025-11-08T21:30:40.41391Z,0.62,25,yes,48386a7b-07ae-469e-68a0-21a864c8edea
KXNCAAFTOTAL-25NOV08TXAMMIZZ-39,2025-11-08T21:25:21.977514Z,0.66,29,yes,146e671d-f802-6357-0013-248434346018
KXNCAAFTOTAL-25NOV08TXAMMIZZ-39,2025-11-08T21:18:36.324704Z,0.53,943,yes,34de9fdb-6dc9-616f-4896-39b8460aa711
KXNCAAFTOTAL-25NOV08TXAMMIZZ-39,2025-11-08T21:11:52.004094Z,0.45,26,no,fa0ebe12-1b32-5d22-27c7-f5139a370678
KXNCAAFTOTAL-25NOV08TXAMMIZZ-39,2025-11-08T21:10:19.830215Z,0.55,19,yes,f8da3232-493f-627d-6323-cbdc39eae659
KXNCAAFTOTAL-25NOV08TXAMMIZZ-39,2025-11-08T21:08:06.516304Z,0.44,20,no,17a0ccf3-9532-7135-ca67-849fcd28e69e
KXNCAAFTOTAL-25NOV08TXAMMIZZ-39,2025-11-08T21:04:53.477072Z,0.45,23,no,ad6aa690-a365-608d-485d-78d4b1b962a0
KXNCAAFTOTAL-25NOV08TXAMMIZZ-39,2025-11-08T21:04:53.477072Z,0.46,12,no,1efe2109-f259-68ef-50ee-2059bc8ecc3c
KXNCAAFTOTAL-25NOV08TXAMMIZZ-39,2025-11-08T21:03:42.927182Z,0.56,20,yes,d80ffec1-07c4-6f9e-bae0-8304f7064793
KXNCAAFTOTAL-25NOV08TXAMMIZZ-39,2025-11-08T21:03:26.971125Z,0.55,602,yes,79643626-2026-5800-3c79-e78aa58fe321
KXNCAAFTOTAL-25NOV08TXAMMIZZ-39,2025-11-08T21:01:48.566629Z,0.58,40,yes,9ff0ee94-d8d8-4d6e-64ea-895156304023
KXNCAAFTOTAL-25NOV08TXAMMIZZ-39,2025-11-08T21:01:15.132013Z,0.49,16,no,fdaf3f53-8a19-446e-a671-8690c22ee673
KXNCAAFTOTAL-25NOV08TXAMMIZZ-39,2025-11-08T20:44:54.269Z,0.76,50,yes,ac6caf54-11a7-5865-b4e8-549a1e50483f
KXNCAAFTOTAL-25NOV08TXAMMIZZ-39,2025-11-08T20:38:40.831708Z,0.76,32,yes,1ddedbe2-6c3a-583d-6ab7-e31f35594f7f
KXNCAAFTOTAL-25NOV08TXAMMIZZ-39,2025-11-08T20:03:12.656479Z,0.84,2,yes,0d05c22c-eb1e-5810-613e-b71183f0f49c
KXNCAAFTOTAL-25NOV08TXAMMIZZ-39,2025-11-08T19:59:50.946029Z,0.79,75,no,79cc7c1a-4c72-7641-dc5d-8db05aa46d7b
KXNCAAFTOTAL-25NOV08TXAMMIZZ-39,2025-11-08T19:52:05.876011Z,0.8,77,yes,05d55fc4-2ec7-6589-2168-32683c82ae65
KXNCAAFTOTAL-25NOV08TXAMMIZZ-39,2025-11-08T19:51:18.309864Z,0.79,99,yes,c563d629-ed4b-777a-c7af-49a02ae67416
KXNCAAFTOTAL-25NOV08TXAMMIZZ-39,2025-11-08T19:12:34.165209Z,0.79,1,yes,5d765b75-886f-7396-9c69-bc95918c545a
KXNCAAFTOTAL-25NOV08TXAMMIZZ-39,2025-11-08T15:24:02.43014Z,0.8,123,yes,34df93a8-0f93-5b9d-14a1-1b493a72a3dd
