ticker,created_time,price,count,taker_side,trade_id
KXNCAAFSPREAD-25NOV08OREIOWA-ORE7,2025-11-09T00:04:11.645307Z,0.01,4787,yes,72618b94-5dde-63e0-2fe8-a841a48ade75
KXNCAAFSPREAD-25NOV08OREIOWA-ORE7,2025-11-09T00:00:04.553777Z,0.01,314,yes,b1122552-d24a-587c-20a8-4b64d99cad91
KXNCAAFSPREAD-25NOV08OREIOWA-ORE7,2025-11-08T23:59:55.221841Z,0.01,23,yes,694abea5-212e-588c-50af-e95eb03c55d9
KXNCAAFSPREAD-25NOV08OREIOWA-ORE7,2025-11-08T23:54:48.531359Z,0.01,39,yes,e4eac039-6836-4458-5da9-4f4e3d493939
KXNCAAFSPREAD-25NOV08OREIOWA-ORE7,2025-11-08T23:47:04.132314Z,0.01,282,yes,66462dfc-e1e2-4044-6838-d0a6fc468149
KXNCAAFSPREAD-25NOV08OREIOWA-ORE7,2025-11-08T23:43:56.431336Z,0.02,200,no,78ba0077-57ec-7017-0e58-312359603ac5
KXNCAAFSPREAD-25NOV08OREIOWA-ORE7,2025-11-08T23:43:56.431336Z,0.03,61,no,4276be39-7894-76fc-10f6-18464ce71fff
KXNCAAFSPREAD-25NOV08OREIOWA-ORE7,2025-11-08T23:43:56.431336Z,0.01,300,no,25217aef-93c3-7ea4-27bb-84a7bf587228
KXNCAAFSPREAD-25NOV08OREIOWA-ORE7,2025-11-08T23:42:59.743854Z,0.03,39,no,b6945626-3cec-5f08-d4a6-285672ea4123
KXNCAAFSPREAD-25NOV08OREIOWA-ORE7,2025-11-08T23:42:11.460368Z,0.06,100,no,06a4f022-d786-558b-b16c-1489ead58450
KXNCAAFSPREAD-25NOV08OREIOWA-ORE7,2025-11-08T23:41:19.111753Z,0.07,100,no,5298ef3f-91db-7f49-5be9-bc862836dabe
KXNCAAFSPREAD-25NOV08OREIOWA-ORE7,2025-11-08T23:40:07.062361Z,0.08,376,no,26d59825-5a61-7be4-20ff-659e4142a054
KXNCAAFSPREAD-25NOV08OREIOWA-ORE7,2025-11-08T23:40:00.440059Z,0.08,109,no,581b84c6-47c1-7ec0-1359-d97c23d27208
KXNCAAFSPREAD-25NOV08OREIOWA-ORE7,2025-11-08T23:28:10.669654Z,0.44,205,yes,edd8667b-d6c1-449c-7bee-c6fec35a5c24
KXNCAAFSPREAD-25NOV08OREIOWA-ORE7,2025-11-08T23:19:52.803359Z,0.49,197,yes,c00f6fcf-e296-468a-2dc3-5045a3c53006
KXNCAAFSPREAD-25NOV08OREIOWA-ORE7,2025-11-08T22:56:58.313074Z,0.55,63,yes,d6c85b96-90f1-4d4e-5f35-84c31172f675
KXNCAAFSPREAD-25NOV08OREIOWA-ORE7,2025-11-08T22:56:58.313074Z,0.6,100,yes,b98d32dc-c2c7-4348-4114-06ef5ed1fd15
KXNCAAFSPREAD-25NOV08OREIOWA-ORE7,2025-11-08T22:56:58.313074Z,0.48,9,yes,64121f70-dd70-4aa2-7fae-f4ba96675bb5
KXNCAAFSPREAD-25NOV08OREIOWA-ORE7,2025-11-08T22:56:58.313074Z,0.57,10,yes,60f751d8-dc2f-4d24-6754-3995c3090404
KXNCAAFSPREAD-25NOV08OREIOWA-ORE7,2025-11-08T22:56:58.313074Z,0.58,10,yes,31780a84-b6fa-4e69-7585-558b87a1f95b
KXNCAAFSPREAD-25NOV08OREIOWA-ORE7,2025-11-08T22:56:58.313074Z,0.62,93,yes,25c52928-9fa8-420d-404d-2223c028a37b
KXNCAAFSPREAD-25NOV08OREIOWA-ORE7,2025-11-08T22:56:58.313074Z,0.54,317,yes,1b9e9902-8001-4710-7a97-002522571858
KXNCAAFSPREAD-25NOV08OREIOWA-ORE7,2025-11-08T22:51:57.596959Z,0.48,1,yes,095032d1-e240-75ae-7ec0-99d02a9b3511
KXNCAAFSPREAD-25NOV08OREIOWA-ORE7,2025-11-08T22:44:38.737523Z,0.4,20,no,ad32054d-9b8a-5b4c-beea-ff06a15beace
KXNCAAFSPREAD-25NOV08OREIOWA-ORE7,2025-11-08T22:44:31.41982Z,0.4,682,no,f5f5fd52-7b0e-6024-4aed-661ef739e8e2
KXNCAAFSPREAD-25NOV08OREIOWA-ORE7,2025-11-08T22:41:05.199061Z,0.4,298,no,aaa5c65b-8d4e-460c-7104-18538be47546
KXNCAAFSPREAD-25NOV08OREIOWA-ORE7,2025-11-08T22:41:05.199061Z,0.42,10,no,22ae693c-1a9a-43db-405a-f43066c67e75
KXNCAAFSPREAD-25NOV08OREIOWA-ORE7,2025-11-08T22:37:48.510813Z,0.4,42,no,6a222d50-a6dc-7fee-2688-3993f30870c6
KXNCAAFSPREAD-25NOV08OREIOWA-ORE7,2025-11-08T22:35:28.788755Z,0.52,10,no,ae35421d-7fc5-67a2-94fb-e9b91b4742bb
KXNCAAFSPREAD-25NOV08OREIOWA-ORE7,2025-11-08T22:35:28.788755Z,0.49,195,no,65f32051-0493-6b4c-9bf3-9de9ebd58b4f
KXNCAAFSPREAD-25NOV08OREIOWA-ORE7,2025-11-08T22:33:48.561319Z,0.53,10,no,7f4fb1c9-e532-480a-7813-17b7f90b57ba
KXNCAAFSPREAD-25NOV08OREIOWA-ORE7,2025-11-08T22:32:37.995147Z,0.53,10,yes,70cfd7cb-1bcc-79e3-c639-06ba8bbe1a49
KXNCAAFSPREAD-25NOV08OREIOWA-ORE7,2025-11-08T22:32:37.995147Z,0.59,7,yes,13ce3e9d-1a77-7343-e1dd-b2f5eb25000e
KXNCAAFSPREAD-25NOV08OREIOWA-ORE7,2025-11-08T22:30:59.187796Z,0.51,1259,no,7a37abc2-4164-7e1d-8d89-29398791c557
KXNCAAFSPREAD-25NOV08OREIOWA-ORE7,2025-11-08T22:29:39.556283Z,0.54,179,yes,e3102e9a-298e-63e1-eb0c-b7b7e5862ba2
KXNCAAFSPREAD-25NOV08OREIOWA-ORE7,2025-11-08T22:29:11.258474Z,0.51,19,no,e231bd09-76f4-5bc9-0a76-35ce8293dcdb
KXNCAAFSPREAD-25NOV08OREIOWA-ORE7,2025-11-08T22:28:24.554885Z,0.51,418,no,af570bd3-595c-6de5-8440-15632d350499
KXNCAAFSPREAD-25NOV08OREIOWA-ORE7,2025-11-08T22:28:24.554885Z,0.51,1552,no,7d7f500b-8a34-6f99-9d1f-d65b8808c20f
KXNCAAFSPREAD-25NOV08OREIOWA-ORE7,2025-11-08T22:26:35.930423Z,0.51,39,no,61a9ac00-c828-53d1-eb8c-e289b76e9cdf
KXNCAAFSPREAD-25NOV08OREIOWA-ORE7,2025-11-08T22:24:56.732835Z,0.55,26,yes,bbf4e8d4-42c7-5dce-1aa4-67ed4dcb6aea
KXNCAAFSPREAD-25NOV08OREIOWA-ORE7,2025-11-08T22:19:49.5073Z,0.5,100,yes,c5292cfc-ed79-4d4b-1290-308a40f62ee1
KXNCAAFSPREAD-25NOV08OREIOWA-ORE7,2025-11-08T22:19:46.121269Z,0.5,200,no,d40e5f6c-e669-44ba-a4dc-dce5b0820601
KXNCAAFSPREAD-25NOV08OREIOWA-ORE7,2025-11-08T22:17:52.214106Z,0.5,9,no,ba07455b-1163-6ab7-030e-37affa8cfa6b
KXNCAAFSPREAD-25NOV08OREIOWA-ORE7,2025-11-08T22:16:42.378406Z,0.5,77,no,29376a5e-a9e5-62e6-3896-6741b7098231
KXNCAAFSPREAD-25NOV08OREIOWA-ORE7,2025-11-08T22:16:11.909553Z,0.53,336,yes,f2c8f39e-f937-57ba-2bff-28bdca66c9de
KXNCAAFSPREAD-25NOV08OREIOWA-ORE7,2025-11-08T22:15:52.349025Z,0.5,100,no,974018b5-d45d-77f7-892d-5d702fd60c90
KXNCAAFSPREAD-25NOV08OREIOWA-ORE7,2025-11-08T22:15:52.169993Z,0.5,38,no,4908c230-2fb1-4efb-f52d-332f3792c414
KXNCAAFSPREAD-25NOV08OREIOWA-ORE7,2025-11-08T22:15:10.830867Z,0.53,10,yes,bcf6e823-237b-4cda-28d2-b7dba579b34a
KXNCAAFSPREAD-25NOV08OREIOWA-ORE7,2025-11-08T22:14:24.634705Z,0.49,95,no,ed3a2ec8-ad3e-7840-7a76-57d3505540eb
KXNCAAFSPREAD-25NOV08OREIOWA-ORE7,2025-11-08T22:14:07.063519Z,0.53,18,yes,fe75de20-72d7-5b62-4a0e-f7818e8de652
KXNCAAFSPREAD-25NOV08OREIOWA-ORE7,2025-11-08T22:12:28.205601Z,0.52,37,yes,241a6cbb-8c73-7d8a-b42f-6600ea98a07e
KXNCAAFSPREAD-25NOV08OREIOWA-ORE7,2025-11-08T22:12:04.81977Z,0.48,82,no,fc40b5c2-e234-44b5-0503-c458b21994a1
KXNCAAFSPREAD-25NOV08OREIOWA-ORE7,2025-11-08T22:12:04.81977Z,0.49,200,no,f6bbdff2-56f5-42da-23b9-ac5070d5b5f0
KXNCAAFSPREAD-25NOV08OREIOWA-ORE7,2025-11-08T22:07:43.312507Z,0.6,162,yes,013b0e32-9713-7358-cde0-89060d15348d
KXNCAAFSPREAD-25NOV08OREIOWA-ORE7,2025-11-08T21:53:14.335796Z,0.6,2,yes,537d5b8c-1ca4-6021-01da-d9b15afac997
KXNCAAFSPREAD-25NOV08OREIOWA-ORE7,2025-11-08T21:53:14.335796Z,0.6,160,yes,32f716ca-fa6e-60d6-3c9e-b178d3a8be01
KXNCAAFSPREAD-25NOV08OREIOWA-ORE7,2025-11-08T21:52:11.497904Z,0.2,114,no,baaf83e2-c112-47d5-50ec-4a3b8498d953
KXNCAAFSPREAD-25NOV08OREIOWA-ORE7,2025-11-08T21:52:11.497904Z,0.29,10,no,1b932942-2cb9-4f6d-4aaa-f1af8ecb1a50
KXNCAAFSPREAD-25NOV08OREIOWA-ORE7,2025-11-08T21:52:00.97013Z,0.61,371,no,c58c1bbb-d7ca-693a-0ec3-bba593781ef4
KXNCAAFSPREAD-25NOV08OREIOWA-ORE7,2025-11-08T21:51:43.677506Z,0.72,20,yes,c0cb984e-aecb-4f07-68d7-e6b2458ddce5
KXNCAAFSPREAD-25NOV08OREIOWA-ORE7,2025-11-08T21:51:43.677506Z,0.61,154,yes,8c5a0c99-683a-4959-40a2-3153aa9cfee6
KXNCAAFSPREAD-25NOV08OREIOWA-ORE7,2025-11-08T21:51:43.677506Z,0.63,19,yes,8787545a-ff10-42df-58a3-ebb89dfc3b6b
KXNCAAFSPREAD-25NOV08OREIOWA-ORE7,2025-11-08T21:51:43.677506Z,0.73,371,yes,477bbcaa-90b5-4c37-6fc4-0dd2818f840d
KXNCAAFSPREAD-25NOV08OREIOWA-ORE7,2025-11-08T21:49:33.602911Z,0.61,43,yes,58581a8d-c46a-4041-4c92-85c693f6d7da
KXNCAAFSPREAD-25NOV08OREIOWA-ORE7,2025-11-08T21:48:07.096093Z,0.61,39,yes,59757500-9d72-4d9d-273a-d9f26e745716
KXNCAAFSPREAD-25NOV08OREIOWA-ORE7,2025-11-08T21:47:53.675126Z,0.61,5,yes,7c077b45-9146-62ad-6047-6a31f8b545fe
KXNCAAFSPREAD-25NOV08OREIOWA-ORE7,2025-11-08T21:47:53.675126Z,0.6,10,yes,722e85f3-b395-66a4-628c-354b22422b38
KXNCAAFSPREAD-25NOV08OREIOWA-ORE7,2025-11-08T21:43:01.070369Z,0.63,15,yes,4253808c-28e0-533f-1c6e-f96bdd266f97
KXNCAAFSPREAD-25NOV08OREIOWA-ORE7,2025-11-08T21:38:53.684109Z,0.63,3,yes,df329747-7358-5c8f-46e0-3ad4fcf541c3
KXNCAAFSPREAD-25NOV08OREIOWA-ORE7,2025-11-08T21:28:24.991884Z,0.62,5,no,bd128957-d069-678e-1141-205b68398dcc
KXNCAAFSPREAD-25NOV08OREIOWA-ORE7,2025-11-08T21:27:49.520477Z,0.63,6,yes,a88e5c0a-f9a4-60cf-7b60-9b0befeec0f7
KXNCAAFSPREAD-25NOV08OREIOWA-ORE7,2025-11-08T21:27:48.945893Z,0.62,10,yes,7ff96297-2eb8-602d-ba72-dedbe6410eba
KXNCAAFSPREAD-25NOV08OREIOWA-ORE7,2025-11-08T21:21:00.96817Z,0.28,4,no,d2096934-d05a-57a7-a20c-da822a849d04
KXNCAAFSPREAD-25NOV08OREIOWA-ORE7,2025-11-08T21:18:10.627373Z,0.61,128,yes,53d1dc2a-fd09-6462-1682-b4a1be8c08eb
KXNCAAFSPREAD-25NOV08OREIOWA-ORE7,2025-11-08T21:13:34.812748Z,0.31,141,no,dd74dc5b-bbd8-753b-33c5-a5685567e57a
KXNCAAFSPREAD-25NOV08OREIOWA-ORE7,2025-11-08T21:11:30.428375Z,0.6,259,yes,6dcfa543-8e43-5e04-1246-10163b0b0133
KXNCAAFSPREAD-25NOV08OREIOWA-ORE7,2025-11-08T21:10:55.079979Z,0.61,79,yes,9f013eb4-98ee-740e-a41d-1d446442d9e2
KXNCAAFSPREAD-25NOV08OREIOWA-ORE7,2025-11-08T21:09:49.096855Z,0.62,188,yes,a6764f28-6adf-4465-ffec-1d2cbd34a44a
KXNCAAFSPREAD-25NOV08OREIOWA-ORE7,2025-11-08T21:01:22.454048Z,0.63,57,yes,db0c7ace-0a14-5d77-a5c3-4f92b0d55213
KXNCAAFSPREAD-25NOV08OREIOWA-ORE7,2025-11-08T21:01:22.454048Z,0.62,9,yes,19e20f57-e5c3-5360-90d6-758d43288133
KXNCAAFSPREAD-25NOV08OREIOWA-ORE7,2025-11-08T21:01:22.454048Z,0.55,12,yes,0edbc4f4-13d6-5ea5-afaa-59cb1425c186
KXNCAAFSPREAD-25NOV08OREIOWA-ORE7,2025-11-08T21:01:18.56469Z,0.55,8,yes,438cbcba-81c6-5261-c178-6228a823740a
KXNCAAFSPREAD-25NOV08OREIOWA-ORE7,2025-11-08T20:59:56.685944Z,0.62,1,yes,3a588379-04bb-4148-8e24-d4e90847c93f
KXNCAAFSPREAD-25NOV08OREIOWA-ORE7,2025-11-08T20:48:20.005934Z,0.23,117,no,a8129102-4a5e-4f0c-de07-39ea518a2564
KXNCAAFSPREAD-25NOV08OREIOWA-ORE7,2025-11-08T20:48:20.005934Z,0.24,10,no,9f3f59cc-b09e-4326-d4c6-1495c9733ae2
KXNCAAFSPREAD-25NOV08OREIOWA-ORE7,2025-11-08T20:45:03.848315Z,0.62,9,yes,352a00a1-af0d-7f8c-4a9f-c295f129253a
KXNCAAFSPREAD-25NOV08OREIOWA-ORE7,2025-11-08T20:45:03.848315Z,0.64,6,yes,3071a9ed-fb37-7971-41a4-3681f760c8c9
KXNCAAFSPREAD-25NOV08OREIOWA-ORE7,2025-11-08T20:43:48.082129Z,0.23,6,no,26b574d0-b9ae-403c-8b18-ee8adf44f810
KXNCAAFSPREAD-25NOV08OREIOWA-ORE7,2025-11-08T20:43:35.939364Z,0.62,31,yes,5e7db505-4ff1-71f4-d67e-801205990032
KXNCAAFSPREAD-25NOV08OREIOWA-ORE7,2025-11-08T20:43:15.917664Z,0.25,10,no,6ba69bb2-3915-53f0-3058-20143182576c
KXNCAAFSPREAD-25NOV08OREIOWA-ORE7,2025-11-08T20:43:15.917664Z,0.26,2,no,29784ce4-2b81-5a51-0af8-7fb7f2dee584
KXNCAAFSPREAD-25NOV08OREIOWA-ORE7,2025-11-08T20:43:15.381057Z,0.26,7,no,0094767f-74e5-5665-7b12-d423ed5acc24
KXNCAAFSPREAD-25NOV08OREIOWA-ORE7,2025-11-08T20:38:23.179856Z,0.24,1,no,b5ea65d1-1535-4a01-8958-f66cd5380abc
KXNCAAFSPREAD-25NOV08OREIOWA-ORE7,2025-11-08T20:35:40.095217Z,0.43,10,yes,ca589f29-4217-7f66-2287-59c1fffa61e9
KXNCAAFSPREAD-25NOV08OREIOWA-ORE7,2025-11-08T20:35:40.095217Z,0.63,10,yes,be34fc54-825e-7195-0c1d-4857ef4bf95f
KXNCAAFSPREAD-25NOV08OREIOWA-ORE7,2025-11-08T20:35:40.095217Z,0.39,56,yes,77501e5b-74d6-7649-0695-da2aee239490
KXNCAAFSPREAD-25NOV08OREIOWA-ORE7,2025-11-08T20:35:40.095217Z,0.64,79,yes,726da251-0789-79cb-2550-8913f0e9ef5c
KXNCAAFSPREAD-25NOV08OREIOWA-ORE7,2025-11-08T20:35:40.095217Z,0.38,35,yes,4d3cb857-a800-73e5-2277-40db6b1eee44
KXNCAAFSPREAD-25NOV08OREIOWA-ORE7,2025-11-08T20:35:31.89703Z,0.38,10,yes,ecd85759-8e89-4e16-1271-d1ca2c2521fa
KXNCAAFSPREAD-25NOV08OREIOWA-ORE7,2025-11-08T20:35:31.89703Z,0.38,15,yes,84b2c9bd-601c-4b05-2128-99f8f4cb9974
KXNCAAFSPREAD-25NOV08OREIOWA-ORE7,2025-11-08T20:22:28.520303Z,0.39,122,yes,8e3feaab-9316-635d-7e50-8309187429f8
KXNCAAFSPREAD-25NOV08OREIOWA-ORE7,2025-11-08T19:31:10.740646Z,0.39,12,yes,2b5ad002-8f8a-6445-7757-60bcb10cd284
KXNCAAFSPREAD-25NOV08OREIOWA-ORE7,2025-11-08T18:36:45.915311Z,0.38,10,no,b5e06cd7-7c42-58df-dcbb-46c542f67183
KXNCAAFSPREAD-25NOV08OREIOWA-ORE7,2025-11-08T18:36:45.915311Z,0.37,30,no,4fb9ee04-1ec9-57d4-f157-7c74aeb185f1
KXNCAAFSPREAD-25NOV08OREIOWA-ORE7,2025-11-08T18:35:00.478562Z,0.38,60,no,6fb5f7f2-ac7a-41dd-68a6-312e19f70180
KXNCAAFSPREAD-25NOV08OREIOWA-ORE7,2025-11-08T18:29:18.44341Z,0.38,200,no,d3ce6a54-69c2-4f3d-4a75-57c9b25b38b4
KXNCAAFSPREAD-25NOV08OREIOWA-ORE7,2025-11-08T18:23:25.271036Z,0.39,10,no,6a620367-678a-73c6-3b7f-40e90060ab77
KXNCAAFSPREAD-25NOV08OREIOWA-ORE7,2025-11-08T18:14:27.763063Z,0.38,95,no,cf27fb78-8ed6-74f5-b3ba-355a84c0ad58
KXNCAAFSPREAD-25NOV08OREIOWA-ORE7,2025-11-08T18:14:27.763063Z,0.39,10,no,54ffb0f8-97d3-7c79-88c9-363e9d584628
KXNCAAFSPREAD-25NOV08OREIOWA-ORE7,2025-11-08T17:48:34.078129Z,0.41,100,yes,7eab19ed-224f-55f3-c1d4-42afe27a0153
KXNCAAFSPREAD-25NOV08OREIOWA-ORE7,2025-11-08T17:45:47.45356Z,0.4,10,no,2408b73b-488a-6696-2284-0c604bbcde62
KXNCAAFSPREAD-25NOV08OREIOWA-ORE7,2025-11-08T17:45:47.45356Z,0.38,662,no,0e62e38d-2c8e-6a81-3d63-e75dd2ac9254
KXNCAAFSPREAD-25NOV08OREIOWA-ORE7,2025-11-08T17:41:59.292965Z,0.38,5,no,61b770ca-a2e6-4d5d-d806-d4a631bbc6f8
KXNCAAFSPREAD-25NOV08OREIOWA-ORE7,2025-11-08T17:41:59.292965Z,0.4,2,no,00ee3793-5c56-476d-e9be-e18b56bbf46b
KXNCAAFSPREAD-25NOV08OREIOWA-ORE7,2025-11-08T17:29:04.298604Z,0.41,117,yes,ce56c31a-d96b-5aaf-e76a-46c186675b6f
KXNCAAFSPREAD-25NOV08OREIOWA-ORE7,2025-11-08T17:27:41.357079Z,0.4,8,no,59a6e002-b972-4285-b185-bc414e6b4aeb
KXNCAAFSPREAD-25NOV08OREIOWA-ORE7,2025-11-08T17:16:01.539514Z,0.4,10,no,db9e8116-a309-7044-eec3-36259e0134b8
KXNCAAFSPREAD-25NOV08OREIOWA-ORE7,2025-11-08T17:16:01.539514Z,0.38,540,no,daaa9583-0ba6-7375-fe15-97d873d5a024
KXNCAAFSPREAD-25NOV08OREIOWA-ORE7,2025-11-08T17:07:56.216565Z,0.4,2,no,ec7296bc-a57d-6216-7349-8a1b4b5278d7
KXNCAAFSPREAD-25NOV08OREIOWA-ORE7,2025-11-08T17:07:56.216565Z,0.38,37,no,ad8d34dd-3d5e-6e4d-663e-92cf10b408a8
KXNCAAFSPREAD-25NOV08OREIOWA-ORE7,2025-11-08T17:07:54.624398Z,0.4,8,no,c5d95f1e-2e65-74ca-1736-c82d9b97290f
KXNCAAFSPREAD-25NOV08OREIOWA-ORE7,2025-11-08T17:00:09.307952Z,0.41,23,yes,b0aee52e-cd8f-6753-695c-e4fd8c87b70b
KXNCAAFSPREAD-25NOV08OREIOWA-ORE7,2025-11-08T16:50:53.517178Z,0.4,8,no,c28b23cb-9387-41eb-449f-1633c4bef388
KXNCAAFSPREAD-25NOV08OREIOWA-ORE7,2025-11-08T16:45:48.548677Z,0.4,10,no,d6dd584c-736f-4bb1-486e-75a8d0c60309
KXNCAAFSPREAD-25NOV08OREIOWA-ORE7,2025-11-08T16:45:48.548677Z,0.38,304,no,675f2dcd-59c2-471d-4928-c0abeac57388
KXNCAAFSPREAD-25NOV08OREIOWA-ORE7,2025-11-08T16:45:15.13287Z,0.38,70,no,98b06cb6-9b66-67a1-2a2a-fcd85aad0224
KXNCAAFSPREAD-25NOV08OREIOWA-ORE7,2025-11-08T16:45:15.13287Z,0.4,10,no,3ccebb63-c36d-6fbf-0103-392caec8213e
KXNCAAFSPREAD-25NOV08OREIOWA-ORE7,2025-11-08T16:35:40.931745Z,0.4,5,no,ba83ebd6-c49a-7229-d28b-8da9615a5bac
KXNCAAFSPREAD-25NOV08OREIOWA-ORE7,2025-11-08T16:35:40.931745Z,0.39,4782,no,4db37d2a-8694-7fd2-e184-166c60541250
KXNCAAFSPREAD-25NOV08OREIOWA-ORE7,2025-11-08T16:25:44.198984Z,0.42,34,yes,161534f4-9667-6035-ba55-de577aeadc05
KXNCAAFSPREAD-25NOV08OREIOWA-ORE7,2025-11-08T16:23:43.554973Z,0.4,5,no,cc377fda-6672-65a9-04bc-d60ddf26ff18
KXNCAAFSPREAD-25NOV08OREIOWA-ORE7,2025-11-08T16:23:05.464225Z,0.39,69,no,a7b373c2-e220-4806-1cdb-3cce522a9d08
KXNCAAFSPREAD-25NOV08OREIOWA-ORE7,2025-11-08T16:23:05.464225Z,0.4,10,no,64a4da9e-e74a-438b-107e-74066c1585d4
KXNCAAFSPREAD-25NOV08OREIOWA-ORE7,2025-11-08T16:09:11.128565Z,0.43,11,yes,857d4091-e38d-5f85-d3c5-8fabf4fa48c2
KXNCAAFSPREAD-25NOV08OREIOWA-ORE7,2025-11-08T16:07:10.73127Z,0.41,8,no,e2233049-1490-749f-9559-5cc4a61b8b02
KXNCAAFSPREAD-25NOV08OREIOWA-ORE7,2025-11-08T15:42:47.865105Z,0.41,23,no,ec67923d-155c-6133-f281-73097e1c3142
KXNCAAFSPREAD-25NOV08OREIOWA-ORE7,2025-11-08T15:41:03.703337Z,0.41,247,no,19a46ba8-c0e4-4c1f-f768-fb1b3db54b6a
KXNCAAFSPREAD-25NOV08OREIOWA-ORE7,2025-11-08T15:26:04.34474Z,0.4,24,no,20557f98-73af-711b-4eea-90ada95320fd
KXNCAAFSPREAD-25NOV08OREIOWA-ORE7,2025-11-08T15:21:51.801882Z,0.4,24,no,a4159272-e887-7937-0457-b77a99a4d509
KXNCAAFSPREAD-25NOV08OREIOWA-ORE7,2025-11-08T15:18:48.331651Z,0.4,162,no,3acbd5d5-1fcb-58bf-fd92-9c6f8acea845
KXNCAAFSPREAD-25NOV08OREIOWA-ORE7,2025-11-08T15:07:44.629804Z,0.4,202,no,8f00a0b3-1e93-6d4b-5c4b-e45bc6c120f5
KXNCAAFSPREAD-25NOV08OREIOWA-ORE7,2025-11-08T15:07:18.806334Z,0.4,3,no,0f269eac-f72b-5143-afdc-df050e3ab515
