ticker,created_time,price,count,taker_side,trade_id
KXNCAAFTOTAL-25NOV08TXAMMIZZ-48,2025-11-09T00:01:23.960733Z,0.99,94,no,badd635b-c61c-5899-6cb0-42a21faba7cb
KXNCAAFTOTAL-25NOV08TXAMMIZZ-48,2025-11-09T00:00:03.948001Z,0.99,24,no,1f89c749-12ac-44b5-49e6-c566c6457b2b
KXNCAAFTOTAL-25NOV08TXAMMIZZ-48,2025-11-09T00:00:03.481304Z,0.99,20,no,2996d059-6120-4ded-5fd4-d39d6fe5ea4f
KXNCAAFTOTAL-25NOV08TXAMMIZZ-48,2025-11-09T00:00:01.85133Z,0.99,49,no,5acf94e7-9880-4779-6793-53486aa90c8b
KXNCAAFTOTAL-25NOV08TXAMMIZZ-48,2025-11-08T23:57:14.663233Z,0.99,35,no,87903482-ff70-5905-28c1-db4872a6af33
KXNCAAFTOTAL-25NOV08TXAMMIZZ-48,2025-11-08T23:55:56.342949Z,0.99,185,no,a6add90e-e15c-64f1-9dfe-65357f7c8e83
KXNCAAFTOTAL-25NOV08TXAMMIZZ-48,2025-11-08T23:55:00.851257Z,0.99,259,no,beec6f44-b440-6d45-607c-1fc2ef5818cb
KXNCAAFTOTAL-25NOV08TXAMMIZZ-48,2025-11-08T23:54:17.307661Z,0.99,200,no,c70e107f-6ad8-77a9-bfca-096763c5081f
KXNCAAFTOTAL-25NOV08TXAMMIZZ-48,2025-11-08T23:53:55.613767Z,0.99,163,no,a2897a97-0784-4cc5-152e-c6ae79e4fa33
KXNCAAFTOTAL-25NOV08TXAMMIZZ-48,2025-11-08T23:53:55.341851Z,0.99,1895,no,893462ef-55fc-7001-8a88-fde9804d2cdb
KXNCAAFTOTAL-25NOV08TXAMMIZZ-48,2025-11-08T23:53:44.229241Z,0.99,320,no,a8117bcb-69ac-4479-444d-00116c68bc97
KXNCAAFTOTAL-25NOV08TXAMMIZZ-48,2025-11-08T23:53:29.43085Z,0.99,28,no,367530dd-4638-5875-4421-d3f741c9ae8f
KXNCAAFTOTAL-25NOV08TXAMMIZZ-48,2025-11-08T23:53:13.408889Z,0.99,33,no,32c0890a-2628-4495-31ac-a09df5c389db
KXNCAAFTOTAL-25NOV08TXAMMIZZ-48,2025-11-08T23:53:02.735975Z,0.99,400,yes,bc2fe0f3-19ff-55ff-01d6-35a285668465
KXNCAAFTOTAL-25NOV08TXAMMIZZ-48,2025-11-08T23:53:02.735975Z,0.99,71,yes,79015367-07d2-5ef3-1188-b60ccf66ee66
KXNCAAFTOTAL-25NOV08TXAMMIZZ-48,2025-11-08T23:51:10.807873Z,0.92,100,yes,fee34311-35a5-5b39-6d24-3a4a710e4603
KXNCAAFTOTAL-25NOV08TXAMMIZZ-48,2025-11-08T23:51:10.807873Z,0.84,96,yes,bdd5ae58-8a0d-586a-757a-eec2007d1eb1
KXNCAAFTOTAL-25NOV08TXAMMIZZ-48,2025-11-08T23:51:10.807873Z,0.94,100,yes,b132924f-3871-5ba2-7b3b-f0d712e403b4
KXNCAAFTOTAL-25NOV08TXAMMIZZ-48,2025-11-08T23:51:10.807873Z,0.99,229,yes,48b9ca66-554e-5f93-7c7d-efe60f2b18e2
KXNCAAFTOTAL-25NOV08TXAMMIZZ-48,2025-11-08T23:51:10.807873Z,0.95,100,yes,2ed21fdd-028b-5080-5aad-34c97680de95
KXNCAAFTOTAL-25NOV08TXAMMIZZ-48,2025-11-08T23:51:10.807873Z,0.98,200,yes,0acea51c-8a2e-5947-72cd-821f35cf7c0e
KXNCAAFTOTAL-25NOV08TXAMMIZZ-48,2025-11-08T23:51:04.186407Z,0.84,4,yes,6ba81f0d-690d-6eba-02ec-dc04fe784c0d
KXNCAAFTOTAL-25NOV08TXAMMIZZ-48,2025-11-08T23:51:04.186407Z,0.79,8,yes,0835fad1-f7a8-614c-2507-d91ca80fedd6
KXNCAAFTOTAL-25NOV08TXAMMIZZ-48,2025-11-08T23:49:35.611461Z,0.79,12,yes,97f00cf4-08dc-4d60-090c-803ed4a62d6e
KXNCAAFTOTAL-25NOV08TXAMMIZZ-48,2025-11-08T23:47:25.737143Z,0.78,22,yes,2e73d998-21a5-45c6-2ea4-9709bce9ae28
KXNCAAFTOTAL-25NOV08TXAMMIZZ-48,2025-11-08T23:47:25.737143Z,0.7,4,yes,2d7b6b83-6ebd-4cbc-3504-5f72a8c692be
KXNCAAFTOTAL-25NOV08TXAMMIZZ-48,2025-11-08T23:47:25.737143Z,0.79,31,yes,0948e019-7bf8-4620-2234-76831bb44b1a
KXNCAAFTOTAL-25NOV08TXAMMIZZ-48,2025-11-08T23:44:45.32065Z,0.7,5,yes,1be3d324-ab61-6ca0-7ec3-61d0cd09c896
KXNCAAFTOTAL-25NOV08TXAMMIZZ-48,2025-11-08T23:42:01.340911Z,0.79,44,yes,59c73ec0-235c-7bbc-f8ec-f4c06e97a57e
KXNCAAFTOTAL-25NOV08TXAMMIZZ-48,2025-11-08T23:41:51.203045Z,0.79,5,yes,9e0ff991-6120-44d4-e76b-a161f23562be
KXNCAAFTOTAL-25NOV08TXAMMIZZ-48,2025-11-08T23:41:31.952952Z,0.58,48,yes,3176d366-20cf-6864-a5da-2358bc11e882
KXNCAAFTOTAL-25NOV08TXAMMIZZ-48,2025-11-08T23:41:29.450549Z,0.58,307,yes,687529eb-dfd1-7068-8a11-7884ea485b54
KXNCAAFTOTAL-25NOV08TXAMMIZZ-48,2025-11-08T23:41:29.450549Z,0.45,10,yes,44028540-23e7-74ce-afd7-b91ae0546524
KXNCAAFTOTAL-25NOV08TXAMMIZZ-48,2025-11-08T23:23:34.518725Z,0.06,1,no,1c2dedd6-94ac-60ce-0440-3740d9c5d67d
KXNCAAFTOTAL-25NOV08TXAMMIZZ-48,2025-11-08T22:44:45.543785Z,0.06,211,no,aab493b1-30f0-5922-9241-548708577f61
KXNCAAFTOTAL-25NOV08TXAMMIZZ-48,2025-11-08T22:42:37.165662Z,0.45,10,yes,ff5bb0bc-17ac-5af9-fa61-46a5eda45573
KXNCAAFTOTAL-25NOV08TXAMMIZZ-48,2025-11-08T22:42:37.165662Z,0.47,2,yes,0b1279a4-228e-5d7f-fae7-e942a8085ff3
KXNCAAFTOTAL-25NOV08TXAMMIZZ-48,2025-11-08T22:29:29.770199Z,0.06,22,no,3a692e34-71c0-45be-c79f-42c7f165d3f5
KXNCAAFTOTAL-25NOV08TXAMMIZZ-48,2025-11-08T21:57:24.966208Z,0.06,100,no,bda71b83-c20a-5f66-aa09-191f3f1b423b
KXNCAAFTOTAL-25NOV08TXAMMIZZ-48,2025-11-08T21:57:24.966208Z,0.06,320,no,3ea6c2c3-b518-5e61-9d99-5e07fdfe96d2
KXNCAAFTOTAL-25NOV08TXAMMIZZ-48,2025-11-08T21:40:12.315814Z,0.08,100,no,8b0ec529-be56-7d8b-7b68-d244ce18acb7
KXNCAAFTOTAL-25NOV08TXAMMIZZ-48,2025-11-08T21:40:12.315814Z,0.17,10,no,831f4299-6ba0-72d4-4360-ef0ff95390e2
KXNCAAFTOTAL-25NOV08TXAMMIZZ-48,2025-11-08T21:40:12.315814Z,0.16,50,no,70e87f9f-f6be-72f8-6a84-ee7794080286
KXNCAAFTOTAL-25NOV08TXAMMIZZ-48,2025-11-08T21:40:12.315814Z,0.08,313,no,23eb2308-489c-7f51-6cb6-85284856914e
KXNCAAFTOTAL-25NOV08TXAMMIZZ-48,2025-11-08T21:34:24.06871Z,0.45,10,yes,f12646c3-7760-6ff2-04dc-70a2c5bdcad6
KXNCAAFTOTAL-25NOV08TXAMMIZZ-48,2025-11-08T21:34:24.06871Z,0.44,10,yes,9d3192c0-98f4-652e-0c69-12054b93eae9
KXNCAAFTOTAL-25NOV08TXAMMIZZ-48,2025-11-08T21:34:24.06871Z,0.64,10,yes,8641b72d-e0e4-62f6-29d7-ed4bf455648b
KXNCAAFTOTAL-25NOV08TXAMMIZZ-48,2025-11-08T21:11:49.517433Z,0.16,50,no,571a92c9-fbc6-55d8-3284-c16696f0f972
KXNCAAFTOTAL-25NOV08TXAMMIZZ-48,2025-11-08T21:11:49.517433Z,0.21,35,no,4db20453-59c1-51ae-00d4-589f68ae9ab9
KXNCAAFTOTAL-25NOV08TXAMMIZZ-48,2025-11-08T21:05:07.038637Z,0.21,28,no,a88f5931-a99d-74d2-d492-9295d08bcd31
KXNCAAFTOTAL-25NOV08TXAMMIZZ-48,2025-11-08T21:00:32.556613Z,0.22,11,no,fbf98003-eb7d-60f9-aff8-5cdb97fd3f63
KXNCAAFTOTAL-25NOV08TXAMMIZZ-48,2025-11-08T21:00:32.556613Z,0.21,37,no,14db82ed-69c9-6906-bb25-0b5486ce62f1
KXNCAAFTOTAL-25NOV08TXAMMIZZ-48,2025-11-08T20:51:19.34764Z,0.43,59,no,7476f391-5989-5ae4-5ec1-30663e8db3ef
KXNCAAFTOTAL-25NOV08TXAMMIZZ-48,2025-11-08T20:51:19.34764Z,0.48,121,no,719bf0b3-ba5f-59ea-691e-32ddf6d89043
KXNCAAFTOTAL-25NOV08TXAMMIZZ-48,2025-11-08T20:47:25.498665Z,0.48,16,no,8f028417-1b7f-58ea-aa37-c0ca4bb7431f
KXNCAAFTOTAL-25NOV08TXAMMIZZ-48,2025-11-08T20:47:13.23473Z,0.48,18,no,d5877b25-12eb-564e-13b9-e36195a1d4b7
KXNCAAFTOTAL-25NOV08TXAMMIZZ-48,2025-11-08T20:46:41.406831Z,0.54,89,yes,2b8f87d0-3872-4e87-7cc6-f7c0bdc05d51
KXNCAAFTOTAL-25NOV08TXAMMIZZ-48,2025-11-08T20:46:29.482755Z,0.54,929,yes,83ed6700-4e25-633d-4f98-33e089a4eb1e
KXNCAAFTOTAL-25NOV08TXAMMIZZ-48,2025-11-08T20:46:26.851466Z,0.53,51,no,43432ba9-e82c-756d-1ff4-e6dc3b1a2948
KXNCAAFTOTAL-25NOV08TXAMMIZZ-48,2025-11-08T20:45:24.14031Z,0.52,20,no,bfbea353-1814-4145-00dd-cdd55897a97c
KXNCAAFTOTAL-25NOV08TXAMMIZZ-48,2025-11-08T20:45:21.990891Z,0.55,17,yes,21f41c90-2368-7430-7aac-62a1a17b1099
KXNCAAFTOTAL-25NOV08TXAMMIZZ-48,2025-11-08T20:44:55.971896Z,0.54,26,yes,1d728aad-cad7-5616-b422-539eded30ac3
KXNCAAFTOTAL-25NOV08TXAMMIZZ-48,2025-11-08T20:44:55.971896Z,0.54,974,yes,0fc1c4ae-a3bf-566e-bb92-c684cbf6151f
KXNCAAFTOTAL-25NOV08TXAMMIZZ-48,2025-11-08T20:44:44.021424Z,0.54,26,yes,3091f52a-808b-42ee-c29d-2ce8531656f3
KXNCAAFTOTAL-25NOV08TXAMMIZZ-48,2025-11-08T20:44:33.88927Z,0.53,844,yes,51d25db8-9c86-7769-708b-dbb79b3d87e5
KXNCAAFTOTAL-25NOV08TXAMMIZZ-48,2025-11-08T20:44:33.88927Z,0.52,1000,yes,2eac2b08-260d-781f-5588-1702c57dcce9
KXNCAAFTOTAL-25NOV08TXAMMIZZ-48,2025-11-08T20:44:16.562927Z,0.48,18,no,601366eb-5903-7b46-9a8b-df8764bb05d3
KXNCAAFTOTAL-25NOV08TXAMMIZZ-48,2025-11-08T20:41:26.601416Z,0.48,93,no,2578e5b3-2e0b-7e32-d435-eda53a466b93
KXNCAAFTOTAL-25NOV08TXAMMIZZ-48,2025-11-08T20:40:57.546756Z,0.48,9,no,51b7dea1-756f-4ce6-9199-ebfd49f0e377
KXNCAAFTOTAL-25NOV08TXAMMIZZ-48,2025-11-08T20:40:44.195805Z,0.48,44,no,17346e47-2dbb-5b82-4ad7-1a6b3e73ef83
KXNCAAFTOTAL-25NOV08TXAMMIZZ-48,2025-11-08T20:40:26.431211Z,0.48,101,no,274d5ff5-ebe7-7ac6-7380-30a6b3a5f76b
KXNCAAFTOTAL-25NOV08TXAMMIZZ-48,2025-11-08T20:39:49.149446Z,0.54,1207,no,e91620b6-23dc-6571-d52e-33a3b26489ba
KXNCAAFTOTAL-25NOV08TXAMMIZZ-48,2025-11-08T20:39:24.466218Z,0.54,256,no,007aeeaf-cca8-456d-8d8a-f1bcf782c47a
KXNCAAFTOTAL-25NOV08TXAMMIZZ-48,2025-11-08T20:39:18.522313Z,0.54,75,no,73776357-bf5c-7159-2d39-4ced7dac613e
KXNCAAFTOTAL-25NOV08TXAMMIZZ-48,2025-11-08T20:39:10.885094Z,0.54,75,no,7aa674f8-4400-7335-7dd1-50f3e525a61a
KXNCAAFTOTAL-25NOV08TXAMMIZZ-48,2025-11-08T20:38:56.671659Z,0.54,75,no,f01f68e3-03f4-454d-4247-b4e527c90afe
KXNCAAFTOTAL-25NOV08TXAMMIZZ-48,2025-11-08T20:38:47.222212Z,0.54,1000,yes,f67081ae-18cb-5f46-4a73-a906130df42e
KXNCAAFTOTAL-25NOV08TXAMMIZZ-48,2025-11-08T20:38:28.962525Z,0.53,228,yes,4c04f14e-5b43-7ad6-a41e-349a3cc224b8
KXNCAAFTOTAL-25NOV08TXAMMIZZ-48,2025-11-08T20:38:24.197223Z,0.53,180,yes,227c464a-a813-5b32-7e23-157b79417dbc
KXNCAAFTOTAL-25NOV08TXAMMIZZ-48,2025-11-08T20:37:13.201626Z,0.53,365,yes,931b63d5-78a7-723a-196b-4c87678a9dcc
KXNCAAFTOTAL-25NOV08TXAMMIZZ-48,2025-11-08T20:35:15.081272Z,0.53,200,yes,0724f7fe-578f-4d3a-4005-1aff92df8200
KXNCAAFTOTAL-25NOV08TXAMMIZZ-48,2025-11-08T20:34:09.420992Z,0.54,35,yes,675d9a03-f60c-42dd-bee8-3e784bb629e5
KXNCAAFTOTAL-25NOV08TXAMMIZZ-48,2025-11-08T20:33:29.186532Z,0.54,80,yes,ca8f7b6f-716c-7dd5-8964-2df37ce2e84d
KXNCAAFTOTAL-25NOV08TXAMMIZZ-48,2025-11-08T20:32:11.405247Z,0.51,310,yes,cc299ece-4aa3-55cc-ab5b-fa576b0e4aa0
KXNCAAFTOTAL-25NOV08TXAMMIZZ-48,2025-11-08T20:32:11.405247Z,0.53,157,yes,260a98b1-71c8-5620-b9aa-561622030e42
KXNCAAFTOTAL-25NOV08TXAMMIZZ-48,2025-11-08T20:28:33.824465Z,0.51,18,yes,da13822d-e6af-7c80-d3e7-1fea05310a00
KXNCAAFTOTAL-25NOV08TXAMMIZZ-48,2025-11-08T20:27:18.43637Z,0.51,18,yes,05353a7a-751b-61b0-870d-9ccec7a81d90
KXNCAAFTOTAL-25NOV08TXAMMIZZ-48,2025-11-08T20:26:15.897162Z,0.51,758,yes,4404de4d-76ff-65f0-d84b-b8b9a85e0e88
KXNCAAFTOTAL-25NOV08TXAMMIZZ-48,2025-11-08T20:25:11.633119Z,0.51,28,yes,b2732114-ab2b-4d30-0054-8c9717697114
KXNCAAFTOTAL-25NOV08TXAMMIZZ-48,2025-11-08T20:24:08.849795Z,0.51,320,yes,981916a8-ec9f-608c-b9a8-89bc38c455d0
KXNCAAFTOTAL-25NOV08TXAMMIZZ-48,2025-11-08T20:23:51.008802Z,0.5,208,no,2f63620f-97eb-5b89-b1a5-64c24260c05d
KXNCAAFTOTAL-25NOV08TXAMMIZZ-48,2025-11-08T20:22:47.675858Z,0.51,10,yes,8cf70c61-961b-50c4-e71d-3b61de0076c0
KXNCAAFTOTAL-25NOV08TXAMMIZZ-48,2025-11-08T20:21:27.199709Z,0.51,420,yes,d9d9a441-823b-628c-9df0-0ef985d3f298
KXNCAAFTOTAL-25NOV08TXAMMIZZ-48,2025-11-08T20:18:22.070382Z,0.51,106,yes,008263bf-efe3-73c8-c4fe-88245b6247dc
KXNCAAFTOTAL-25NOV08TXAMMIZZ-48,2025-11-08T20:16:54.179175Z,0.51,11,yes,69f5c270-859f-7538-1145-1b544bee2fac
KXNCAAFTOTAL-25NOV08TXAMMIZZ-48,2025-11-08T20:16:13.078107Z,0.51,94,yes,2cf745b3-1de7-7be4-257b-5f9ad7a78ac8
KXNCAAFTOTAL-25NOV08TXAMMIZZ-48,2025-11-08T20:15:54.362705Z,0.51,18,yes,4cc53d42-acaf-4b1c-a253-b67a9992709c
KXNCAAFTOTAL-25NOV08TXAMMIZZ-48,2025-11-08T20:15:01.040891Z,0.51,185,yes,c46eb0c0-fb6b-6c8c-1140-b559064d810c
KXNCAAFTOTAL-25NOV08TXAMMIZZ-48,2025-11-08T20:12:21.899732Z,0.5,193,no,b90833cf-95af-6969-78dd-ae9f5d4811b5
KXNCAAFTOTAL-25NOV08TXAMMIZZ-48,2025-11-08T20:12:00.716204Z,0.51,1386,yes,ae46553f-ba2d-6322-9ef6-f74c6ec55dc8
KXNCAAFTOTAL-25NOV08TXAMMIZZ-48,2025-11-08T20:12:00.716204Z,0.51,509,yes,551cce04-c3f3-6004-81e5-42dbc1628974
KXNCAAFTOTAL-25NOV08TXAMMIZZ-48,2025-11-08T20:11:02.451685Z,0.5,38,no,7386c37c-cc43-5681-06a0-cc19c0424fad
KXNCAAFTOTAL-25NOV08TXAMMIZZ-48,2025-11-08T20:08:57.316858Z,0.51,9,yes,4e84f9cd-8125-6d62-9c15-b8d3398e33bc
KXNCAAFTOTAL-25NOV08TXAMMIZZ-48,2025-11-08T20:00:15.747892Z,0.51,426,yes,1df689c1-0855-55de-332c-0788961680ec
KXNCAAFTOTAL-25NOV08TXAMMIZZ-48,2025-11-08T19:56:41.673547Z,0.51,9,yes,ae79f449-ca11-6646-3e9d-183962c3fcec
KXNCAAFTOTAL-25NOV08TXAMMIZZ-48,2025-11-08T19:54:39.743054Z,0.51,95,yes,7785ede2-1519-6b2a-4cb3-0c86b1500930
KXNCAAFTOTAL-25NOV08TXAMMIZZ-48,2025-11-08T19:53:32.295545Z,0.51,20,yes,8685ba94-1b11-74de-5bed-c3cea7fa849c
KXNCAAFTOTAL-25NOV08TXAMMIZZ-48,2025-11-08T19:53:15.171816Z,0.51,185,yes,0d0def4e-1e01-73f2-9760-4ccab13e3330
KXNCAAFTOTAL-25NOV08TXAMMIZZ-48,2025-11-08T19:53:07.130374Z,0.5,19,no,19186a2a-ec57-4891-901e-83d15ed087e9
KXNCAAFTOTAL-25NOV08TXAMMIZZ-48,2025-11-08T19:53:05.957598Z,0.51,947,yes,70b02fe5-9fe1-46e6-e3ef-090b6a681488
KXNCAAFTOTAL-25NOV08TXAMMIZZ-48,2025-11-08T19:49:07.7674Z,0.51,18,yes,67fd62a7-fa89-665e-d96e-27fe42167d6c
KXNCAAFTOTAL-25NOV08TXAMMIZZ-48,2025-11-08T19:47:45.918643Z,0.51,493,yes,cf50a5ea-3e71-59aa-e6a2-48a62a173c20
KXNCAAFTOTAL-25NOV08TXAMMIZZ-48,2025-11-08T19:46:14.390742Z,0.51,9,yes,c7638a3f-00a9-627a-0912-a2cd9a8fc8c0
KXNCAAFTOTAL-25NOV08TXAMMIZZ-48,2025-11-08T19:42:02.881681Z,0.51,15,yes,6d91e62f-6af9-67ee-d690-ecfa9eb4d3a0
KXNCAAFTOTAL-25NOV08TXAMMIZZ-48,2025-11-08T19:40:20.735577Z,0.51,492,yes,134d4a2c-ec1d-5a66-536e-c9f55f1afecc
KXNCAAFTOTAL-25NOV08TXAMMIZZ-48,2025-11-08T19:39:50.500412Z,0.51,28,yes,efa6ad77-84f1-7966-1766-dad7c7195578
KXNCAAFTOTAL-25NOV08TXAMMIZZ-48,2025-11-08T19:37:54.293539Z,0.51,47,yes,6766b0c8-0465-59c6-ced9-1e9c3e475218
KXNCAAFTOTAL-25NOV08TXAMMIZZ-48,2025-11-08T19:36:34.461363Z,0.51,259,yes,ffa96c90-5411-6c8a-d46d-fbaee0ccae34
KXNCAAFTOTAL-25NOV08TXAMMIZZ-48,2025-11-08T19:33:32.795455Z,0.51,85,yes,3fd60a0d-ed8d-638a-56fb-a22c13785ab8
KXNCAAFTOTAL-25NOV08TXAMMIZZ-48,2025-11-08T19:31:54.363074Z,0.51,185,yes,95a1bf16-95d5-762e-c206-fe3daf474dd0
KXNCAAFTOTAL-25NOV08TXAMMIZZ-48,2025-11-08T19:30:24.764418Z,0.5,5,no,e10f057d-c437-74a1-027a-6a02daf07ea1
KXNCAAFTOTAL-25NOV08TXAMMIZZ-48,2025-11-08T19:28:18.638167Z,0.51,11,yes,48b2bc31-27cd-637a-4642-192d4663c2ec
KXNCAAFTOTAL-25NOV08TXAMMIZZ-48,2025-11-08T19:26:25.465839Z,0.51,20,yes,05f1b707-2fa9-668e-b395-d791a805b51c
KXNCAAFTOTAL-25NOV08TXAMMIZZ-48,2025-11-08T19:26:19.492964Z,0.51,210,yes,61b5a76b-e86d-4166-a9d8-ac5c7631d49c
KXNCAAFTOTAL-25NOV08TXAMMIZZ-48,2025-11-08T19:26:17.583354Z,0.5,1,no,e15ecd82-ee3f-48c1-024d-bbde1a164539
KXNCAAFTOTAL-25NOV08TXAMMIZZ-48,2025-11-08T19:20:02.756432Z,0.5,19,no,34072114-982b-7abd-b9d9-78e05b275d7d
KXNCAAFTOTAL-25NOV08TXAMMIZZ-48,2025-11-08T19:18:04.22978Z,0.51,473,yes,07c1f41f-65f5-7796-5124-c90217cc21e4
KXNCAAFTOTAL-25NOV08TXAMMIZZ-48,2025-11-08T19:17:54.476581Z,0.51,1895,yes,029bdc7e-4731-768e-4242-27317e5ea69c
KXNCAAFTOTAL-25NOV08TXAMMIZZ-48,2025-11-08T19:12:12.943261Z,0.51,9,yes,c3408a7b-8f7d-7c36-63aa-678f35dc4618
KXNCAAFTOTAL-25NOV08TXAMMIZZ-48,2025-11-08T19:02:23.497441Z,0.51,9,yes,465aa057-8c79-6192-5924-c45aff1464c8
KXNCAAFTOTAL-25NOV08TXAMMIZZ-48,2025-11-08T19:00:55.884042Z,0.51,49,yes,e829ed08-e4fd-4646-9461-21343f7a16b0
KXNCAAFTOTAL-25NOV08TXAMMIZZ-48,2025-11-08T18:59:28.107998Z,0.51,37,yes,661366b3-ec01-6272-4ca6-7d933649ec4c
KXNCAAFTOTAL-25NOV08TXAMMIZZ-48,2025-11-08T18:54:05.946354Z,0.51,75,yes,fd2e4dbc-dfdd-6df2-1b14-bcc8317fb938
KXNCAAFTOTAL-25NOV08TXAMMIZZ-48,2025-11-08T18:50:42.767806Z,0.5,15,no,57559256-1ec3-45e5-fc6c-54a317939899
KXNCAAFTOTAL-25NOV08TXAMMIZZ-48,2025-11-08T18:49:31.370832Z,0.52,33,yes,757f5aef-693b-65cb-7bda-98407c41c804
KXNCAAFTOTAL-25NOV08TXAMMIZZ-48,2025-11-08T18:47:46.008052Z,0.52,9,yes,73995b56-85ef-5e73-d6f1-bfc49abdf630
KXNCAAFTOTAL-25NOV08TXAMMIZZ-48,2025-11-08T18:31:58.998255Z,0.52,9,yes,546c5fe1-e07b-47ff-5cb7-2608a6ffdb58
KXNCAAFTOTAL-25NOV08TXAMMIZZ-48,2025-11-08T18:26:27.270708Z,0.52,9,yes,23963815-04db-747b-a47d-903e4e74270c
KXNCAAFTOTAL-25NOV08TXAMMIZZ-48,2025-11-08T18:21:03.86492Z,0.52,9,yes,9129229d-ab1b-57cb-4161-66cb8af2ca24
KXNCAAFTOTAL-25NOV08TXAMMIZZ-48,2025-11-08T18:16:54.143293Z,0.52,37,yes,175a0e45-a05f-68b7-8044-5278b187148c
KXNCAAFTOTAL-25NOV08TXAMMIZZ-48,2025-11-08T18:11:21.09546Z,0.52,46,yes,a4974d91-816f-574b-54b7-b6a11d74f0b8
KXNCAAFTOTAL-25NOV08TXAMMIZZ-48,2025-11-08T18:11:19.070057Z,0.52,46,yes,0f2799ee-de13-4d63-bfed-14ef8696081c
KXNCAAFTOTAL-25NOV08TXAMMIZZ-48,2025-11-08T18:10:28.402198Z,0.52,15,yes,3565b620-2f63-5cdf-b66e-fe2e6ebb65dc
KXNCAAFTOTAL-25NOV08TXAMMIZZ-48,2025-11-08T18:08:42.299582Z,0.52,18,yes,8acf082a-fd9f-6807-b4f8-29267997e3e0
KXNCAAFTOTAL-25NOV08TXAMMIZZ-48,2025-11-08T18:06:12.965694Z,0.5,12,no,bb8da7f1-9f97-4881-e1d8-bda68eea1dbd
KXNCAAFTOTAL-25NOV08TXAMMIZZ-48,2025-11-08T18:03:18.809682Z,0.51,3412,yes,7b651681-ba55-5d63-136a-167bf49b7c28
KXNCAAFTOTAL-25NOV08TXAMMIZZ-48,2025-11-08T18:03:18.625076Z,0.51,47,yes,877271f6-5395-772f-55a6-79ff326b6074
KXNCAAFTOTAL-25NOV08TXAMMIZZ-48,2025-11-08T17:58:12.805303Z,0.51,28,yes,9cc09fc9-ffc1-50ab-c6b2-f192425556a0
KXNCAAFTOTAL-25NOV08TXAMMIZZ-48,2025-11-08T17:58:02.510577Z,0.51,10,yes,0174b9c9-6749-6137-4102-d5ec645e2d1c
KXNCAAFTOTAL-25NOV08TXAMMIZZ-48,2025-11-08T17:57:44.253016Z,0.51,1,yes,800bf0d0-18fd-4a07-d4cc-01fa2b66ecdc
KXNCAAFTOTAL-25NOV08TXAMMIZZ-48,2025-11-08T17:50:42.747966Z,0.5,57,no,3780d7bf-526b-4899-5cc0-b09a9159145d
KXNCAAFTOTAL-25NOV08TXAMMIZZ-48,2025-11-08T17:47:43.273911Z,0.51,4,yes,e8d6f21a-366d-5bff-4827-34c0efc3f844
KXNCAAFTOTAL-25NOV08TXAMMIZZ-48,2025-11-08T17:15:42.610529Z,0.52,18,yes,81acdedb-4003-7197-f16f-77fa88b38adc
KXNCAAFTOTAL-25NOV08TXAMMIZZ-48,2025-11-08T17:08:21.928799Z,0.52,48,yes,ed8dd3dc-8d2f-61b3-aa89-ee2fa0587598
KXNCAAFTOTAL-25NOV08TXAMMIZZ-48,2025-11-08T17:04:55.098956Z,0.5,26,no,65d85e45-1657-5d11-272c-f595ffcc40d1
KXNCAAFTOTAL-25NOV08TXAMMIZZ-48,2025-11-08T17:00:11.842676Z,0.51,5,yes,c58216d7-0e3b-5a67-d2c3-d09493e10231
KXNCAAFTOTAL-25NOV08TXAMMIZZ-48,2025-11-08T17:00:11.842676Z,0.52,2,yes,07d222bf-c027-5d3b-ec9e-8066a812aa28
KXNCAAFTOTAL-25NOV08TXAMMIZZ-48,2025-11-08T16:55:28.593063Z,0.51,9,yes,eb4eca0c-40d9-7434-2ef1-93972d7120d8
KXNCAAFTOTAL-25NOV08TXAMMIZZ-48,2025-11-08T16:52:50.289693Z,0.51,56,yes,e017061b-d419-5d1c-b81a-ab88464840b4
KXNCAAFTOTAL-25NOV08TXAMMIZZ-48,2025-11-08T16:46:35.155624Z,0.51,9,yes,d99781d0-9335-6b28-a369-af8ca73c8020
KXNCAAFTOTAL-25NOV08TXAMMIZZ-48,2025-11-08T16:45:08.09206Z,0.5,650,no,ffe343c4-1e7f-6439-7fcf-1a095c96e765
KXNCAAFTOTAL-25NOV08TXAMMIZZ-48,2025-11-08T16:42:10.613141Z,0.51,9,yes,cefe11db-16ef-6f5e-8675-cfc6c46ac3ec
KXNCAAFTOTAL-25NOV08TXAMMIZZ-48,2025-11-08T16:37:59.049924Z,0.5,2415,no,c11a7c57-2a8f-5809-a6ea-50f8260557a1
KXNCAAFTOTAL-25NOV08TXAMMIZZ-48,2025-11-08T16:35:52.243462Z,0.51,22,yes,57e7f843-8aa7-61be-b056-6e55d07e9b9c
KXNCAAFTOTAL-25NOV08TXAMMIZZ-48,2025-11-08T16:30:33.119745Z,0.51,37,yes,acc97f32-1bf7-577e-763e-c0734b33eb5c
KXNCAAFTOTAL-25NOV08TXAMMIZZ-48,2025-11-08T16:30:11.80967Z,0.51,9,yes,7c45626b-21db-420e-8d03-6c64603def60
KXNCAAFTOTAL-25NOV08TXAMMIZZ-48,2025-11-08T16:23:41.567056Z,0.5,5,no,106d7875-de33-41cd-ac79-62ac532b3061
KXNCAAFTOTAL-25NOV08TXAMMIZZ-48,2025-11-08T16:17:23.873162Z,0.51,284,yes,095f6375-c3df-6572-cb27-d12912fee824
KXNCAAFTOTAL-25NOV08TXAMMIZZ-48,2025-11-08T16:05:26.494433Z,0.51,947,yes,eb2cef2e-7ceb-55b6-bdf9-8060ee16f8e4
KXNCAAFTOTAL-25NOV08TXAMMIZZ-48,2025-11-08T15:56:43.682928Z,0.51,7,yes,f76709fb-9817-48d6-a80a-8dbae59e1600
KXNCAAFTOTAL-25NOV08TXAMMIZZ-48,2025-11-08T15:52:14.36198Z,0.5,19,no,7601ca0c-ac0b-4fe9-7450-a3c4280a4021
KXNCAAFTOTAL-25NOV08TXAMMIZZ-48,2025-11-08T15:27:46.858041Z,0.51,13,yes,76471976-989f-4ade-189c-709246b653b8
KXNCAAFTOTAL-25NOV08TXAMMIZZ-48,2025-11-08T15:24:51.642537Z,0.51,9,yes,f80d38e6-032b-63ba-befb-f56e9bfbcd04
KXNCAAFTOTAL-25NOV08TXAMMIZZ-48,2025-11-08T15:22:54.271996Z,0.51,94,yes,f80e7491-cc23-746a-183f-529cee570b50
KXNCAAFTOTAL-25NOV08TXAMMIZZ-48,2025-11-08T15:21:08.128671Z,0.51,10,yes,f387f71d-42a7-40de-ce21-5fd05615d954
KXNCAAFTOTAL-25NOV08TXAMMIZZ-48,2025-11-08T15:20:41.277264Z,0.51,9,yes,4b99acfb-f05b-5e8a-913c-a2fc71058ce0
KXNCAAFTOTAL-25NOV08TXAMMIZZ-48,2025-11-08T15:14:04.141472Z,0.52,50,yes,b48e1f0b-e0af-7f67-0b36-8f48e1aac4f8
KXNCAAFTOTAL-25NOV08TXAMMIZZ-48,2025-11-08T15:12:16.435943Z,0.52,18,yes,54ba30a3-2443-615b-272d-23a4165327e0
KXNCAAFTOTAL-25NOV08TXAMMIZZ-48,2025-11-08T15:08:58.037884Z,0.52,10,yes,900c1a50-aa4b-62af-b8ae-65f574b07d48
KXNCAAFTOTAL-25NOV08TXAMMIZZ-48,2025-11-08T15:06:12.717765Z,0.52,18,yes,7d0640d2-7a17-6043-8804-7bed7048f288
KXNCAAFTOTAL-25NOV08TXAMMIZZ-48,2025-11-08T15:05:03.299086Z,0.52,136,yes,a6453f91-649b-630f-3401-9833948a003c
KXNCAAFTOTAL-25NOV08TXAMMIZZ-48,2025-11-08T15:05:03.299086Z,0.52,50,yes,6c230446-b39d-6fb8-0d94-27f99cdccc40
KXNCAAFTOTAL-25NOV08TXAMMIZZ-48,2025-11-08T14:58:07.88214Z,0.5,1,no,ce3696c8-9ef3-5cc9-9bb6-287eac6ff535
KXNCAAFTOTAL-25NOV08TXAMMIZZ-48,2025-11-08T14:57:48.849093Z,0.52,27,yes,e531664b-af55-6030-9670-7d62132b6030
KXNCAAFTOTAL-25NOV08TXAMMIZZ-48,2025-11-08T14:56:39.626892Z,0.52,1329,yes,69bbd141-c2c9-6fa0-1ad1-7979c2855630
KXNCAAFTOTAL-25NOV08TXAMMIZZ-48,2025-11-08T14:56:39.626892Z,0.52,495,yes,27015342-3655-6581-0b4d-a2e77227280d
KXNCAAFTOTAL-25NOV08TXAMMIZZ-48,2025-11-08T14:52:15.58488Z,0.52,5,yes,bebaf93e-3215-45cd-d083-5ead719da9b1
KXNCAAFTOTAL-25NOV08TXAMMIZZ-48,2025-11-08T14:52:15.58488Z,0.51,42,yes,29191b69-2a3e-4a4a-c940-0debe0e7a370
KXNCAAFTOTAL-25NOV08TXAMMIZZ-48,2025-11-08T14:51:59.538348Z,0.51,5,yes,46c8cb56-c9e2-62a2-459b-3d3f5d642030
KXNCAAFTOTAL-25NOV08TXAMMIZZ-48,2025-11-08T14:49:26.686105Z,0.51,9,yes,6e3c67dd-fc62-47ee-48a9-d53d240d3674
KXNCAAFTOTAL-25NOV08TXAMMIZZ-48,2025-11-08T14:42:17.299731Z,0.51,44,yes,620d7164-c46a-71e2-3234-485078399cb8
KXNCAAFTOTAL-25NOV08TXAMMIZZ-48,2025-11-08T14:42:17.299731Z,0.51,3,yes,088b1277-8c0f-7c5d-3bd9-7d14cd309d9f
KXNCAAFTOTAL-25NOV08TXAMMIZZ-48,2025-11-08T14:33:16.763598Z,0.51,37,yes,e2b02530-0a73-71ed-decb-b398acc3dbf3
KXNCAAFTOTAL-25NOV08TXAMMIZZ-48,2025-11-08T14:31:09.314647Z,0.5,19,no,63876138-2abf-6c51-859a-50ec9c45d715
KXNCAAFTOTAL-25NOV08TXAMMIZZ-48,2025-11-08T14:30:32.475904Z,0.51,18,yes,be0836da-42f7-6959-9dce-16827669a0cb
KXNCAAFTOTAL-25NOV08TXAMMIZZ-48,2025-11-08T14:23:45.964235Z,0.51,9,yes,3cfc34ae-14c7-7569-8c5b-9ae94b8b1617
KXNCAAFTOTAL-25NOV08TXAMMIZZ-48,2025-11-08T14:04:34.826715Z,0.51,30,yes,92442e49-0623-5e81-6314-4771e59a075b
KXNCAAFTOTAL-25NOV08TXAMMIZZ-48,2025-11-08T14:04:34.590625Z,0.51,3,yes,85552c7f-9947-40e1-0c3e-4b86276955c3
KXNCAAFTOTAL-25NOV08TXAMMIZZ-48,2025-11-08T12:39:52.565904Z,0.5,48,no,c1de6991-8c97-5845-0cdf-c912ceca3ab1
KXNCAAFTOTAL-25NOV08TXAMMIZZ-48,2025-11-08T12:34:15.329196Z,0.5,47,no,58d92203-67bf-72b5-717d-ad175cef729d
KXNCAAFTOTAL-25NOV08TXAMMIZZ-48,2025-11-08T12:31:31.281329Z,0.51,47,yes,387bf245-b68d-5eae-0fba-2a5a417d2259
KXNCAAFTOTAL-25NOV08TXAMMIZZ-48,2025-11-08T12:12:59.089723Z,0.51,17,yes,c4727316-2b19-7f62-2ec3-e4526f9bfcad
KXNCAAFTOTAL-25NOV08TXAMMIZZ-48,2025-11-08T12:01:18.998849Z,0.5,19,no,5637051e-9b37-4321-dfe6-1ef10c79a991
KXNCAAFTOTAL-25NOV08TXAMMIZZ-48,2025-11-08T11:36:35.940869Z,0.51,28,yes,dea969e0-3f4d-4db6-217c-ca35d398f39d
KXNCAAFTOTAL-25NOV08TXAMMIZZ-48,2025-11-08T10:53:01.322473Z,0.51,9,yes,cacfc3dd-1475-562a-a8e5-4e3252d3c195
KXNCAAFTOTAL-25NOV08TXAMMIZZ-48,2025-11-08T10:41:15.20905Z,0.51,100,yes,2e65263d-b6f1-61a2-c213-5a0f05ab51d9
KXNCAAFTOTAL-25NOV08TXAMMIZZ-48,2025-11-08T10:28:00.258653Z,0.51,73,yes,5ea41b8a-540d-6c7e-6517-f47edb51b795
KXNCAAFTOTAL-25NOV08TXAMMIZZ-48,2025-11-08T09:07:57.228529Z,0.51,9,yes,f0213529-d451-718a-5c69-eadaf2294795
KXNCAAFTOTAL-25NOV08TXAMMIZZ-48,2025-11-08T08:46:58.173277Z,0.51,9,yes,07febe3e-7045-450a-6391-07aba7fee42d
KXNCAAFTOTAL-25NOV08TXAMMIZZ-48,2025-11-08T08:44:44.86335Z,0.51,85,yes,1a948a0a-8c15-42a6-1a88-51efd9724229
KXNCAAFTOTAL-25NOV08TXAMMIZZ-48,2025-11-08T07:24:34.601865Z,0.51,94,yes,ee8ad4cb-1fc4-79a0-c050-e6e1a3cb3bca
KXNCAAFTOTAL-25NOV08TXAMMIZZ-48,2025-11-08T06:56:08.715413Z,0.51,18,yes,f97dd504-67cc-7060-4df9-a037d7ba72f6
KXNCAAFTOTAL-25NOV08TXAMMIZZ-48,2025-11-08T06:46:21.141182Z,0.51,28,yes,a870228c-7d04-53cc-6469-e14abc962c1e
KXNCAAFTOTAL-25NOV08TXAMMIZZ-48,2025-11-08T06:44:11.225153Z,0.51,189,yes,ca70d293-bbcc-7260-42e5-15eddd06d3e6
KXNCAAFTOTAL-25NOV08TXAMMIZZ-48,2025-11-08T06:07:47.929204Z,0.51,94,yes,9bb3cf36-259c-78a4-408e-0db2da75b936
KXNCAAFTOTAL-25NOV08TXAMMIZZ-48,2025-11-08T06:07:26.834501Z,0.51,10,yes,d2e8fca4-26ac-5354-f431-0c73917e37d2
KXNCAAFTOTAL-25NOV08TXAMMIZZ-48,2025-11-08T06:06:10.081451Z,0.51,94,yes,5cd82c76-d51c-6080-df9e-e11e6e2793b6
KXNCAAFTOTAL-25NOV08TXAMMIZZ-48,2025-11-08T05:48:47.92367Z,0.51,20,yes,3602b6dd-48a4-6b0c-658d-91676dd34c02
KXNCAAFTOTAL-25NOV08TXAMMIZZ-48,2025-11-08T05:45:41.584482Z,0.51,90,yes,c00cadb7-1444-4ad4-c054-7687672d5a96
KXNCAAFTOTAL-25NOV08TXAMMIZZ-48,2025-11-08T05:39:23.077651Z,0.5,48,yes,92ddd630-f6c5-7a3a-9277-dfc45ba1ede4
KXNCAAFTOTAL-25NOV08TXAMMIZZ-48,2025-11-08T05:38:42.591274Z,0.5,193,yes,3a9b75d6-7529-404a-3913-4a964d8fdf90
KXNCAAFTOTAL-25NOV08TXAMMIZZ-48,2025-11-08T05:38:11.628739Z,0.5,19,yes,94f492ff-9bb1-4006-bc0b-9122b6c8d1c4
KXNCAAFTOTAL-25NOV08TXAMMIZZ-48,2025-11-08T05:13:04.182369Z,0.5,48,yes,54597589-5ba5-6472-1ffd-fefb89873850
KXNCAAFTOTAL-25NOV08TXAMMIZZ-48,2025-11-08T05:11:30.799203Z,0.5,38,yes,830ba6d7-b061-6022-1c7e-76a8913fc6b4
KXNCAAFTOTAL-25NOV08TXAMMIZZ-48,2025-11-08T04:31:31.140062Z,0.5,38,yes,b2165e08-9bf5-4216-670e-bfe0c2a17df4
KXNCAAFTOTAL-25NOV08TXAMMIZZ-48,2025-11-08T03:51:26.284845Z,0.5,193,yes,d70bafaf-7a15-49be-9c72-0dbcc603a8bc
KXNCAAFTOTAL-25NOV08TXAMMIZZ-48,2025-11-08T03:29:18.152811Z,0.5,9,yes,1b1b237a-e485-55da-eb56-3f95557b2d4c
KXNCAAFTOTAL-25NOV08TXAMMIZZ-48,2025-11-08T02:08:28.688532Z,0.5,15,yes,79626e5b-7341-472e-91ef-7bd4fde98734
KXNCAAFTOTAL-25NOV08TXAMMIZZ-48,2025-11-08T01:31:00.724256Z,0.47,8,no,e12c8118-ed68-70fd-d755-d609908e7e23
KXNCAAFTOTAL-25NOV08TXAMMIZZ-48,2025-11-08T00:41:10.524796Z,0.5,46,yes,8f5bf57d-7675-5452-e045-39acd906b6f4
KXNCAAFTOTAL-25NOV08TXAMMIZZ-48,2025-11-08T00:33:56.698424Z,0.5,19,yes,7608935c-f7f1-5e36-91eb-bc359e04c130
KXNCAAFTOTAL-25NOV08TXAMMIZZ-48,2025-11-07T22:23:13.836132Z,0.47,3,no,04876bb4-e428-7b1d-bcc1-b276086a352b
KXNCAAFTOTAL-25NOV08TXAMMIZZ-48,2025-11-07T22:09:34.885201Z,0.47,111,no,b2b6b3a9-0acc-5045-1ab9-85c3345a185f
KXNCAAFTOTAL-25NOV08TXAMMIZZ-48,2025-11-07T21:57:24.478624Z,0.5,19,yes,c2158448-78cd-5e76-a6b3-1851dab58970
KXNCAAFTOTAL-25NOV08TXAMMIZZ-48,2025-11-07T21:43:22.737932Z,0.5,28,yes,004c4174-98b5-5212-55b8-d1002206bf38
KXNCAAFTOTAL-25NOV08TXAMMIZZ-48,2025-11-07T21:37:08.029833Z,0.5,9,yes,7361e8c1-cb65-77f6-bc90-ac27d6704ed4
KXNCAAFTOTAL-25NOV08TXAMMIZZ-48,2025-11-07T21:33:41.47437Z,0.5,193,yes,78fd903f-8c21-54aa-b221-4ca2463d17e0
KXNCAAFTOTAL-25NOV08TXAMMIZZ-48,2025-11-07T21:24:02.719629Z,0.5,19,yes,7bc145ec-4355-6f6a-5683-035aea9dd5f0
