ticker,created_time,price,count,taker_side,trade_id
KXNCAAFSPREAD-25NOV08INDPSU-IND14,2025-11-08T20:40:50.597715Z,0.01,4566,yes,ef8b4e3d-c4b1-4ba1-85a2-369ec75e13c5
KXNCAAFSPREAD-25NOV08INDPSU-IND14,2025-11-08T20:39:44.158475Z,0.01,9,yes,506ed608-9c09-41e5-226c-5ca66b39ebe1
KXNCAAFSPREAD-25NOV08INDPSU-IND14,2025-11-08T20:37:42.616576Z,0.01,308,yes,7216077a-e329-7891-87bc-421d179aa3e9
KXNCAAFSPREAD-25NOV08INDPSU-IND14,2025-11-08T20:30:12.03905Z,0.01,62,yes,dfc54f9e-ac9d-419d-3ebc-d96c8c6bff01
KXNCAAFSPREAD-25NOV08INDPSU-IND14,2025-11-08T20:27:33.705938Z,0.01,102,yes,a8444ec4-802d-6449-ec97-980a30b470b9
KXNCAAFSPREAD-25NOV08INDPSU-IND14,2025-11-08T20:25:33.484803Z,0.01,30,yes,e18a2326-db15-40c1-1763-ab8f9e44d2c9
KXNCAAFSPREAD-25NOV08INDPSU-IND14,2025-11-08T20:15:44.167303Z,0.01,27,yes,ba5c361b-1115-4d55-3d44-b1d026543f2d
KXNCAAFSPREAD-25NOV08INDPSU-IND14,2025-11-08T20:12:08.577621Z,0.01,27,yes,0beb2885-1ebd-5bf5-eb78-4cf2ca8e7e69
KXNCAAFSPREAD-25NOV08INDPSU-IND14,2025-11-08T20:08:18.878038Z,0.01,289,yes,8e9e198c-000d-451d-3445-1e00be811881
KXNCAAFSPREAD-25NOV08INDPSU-IND14,2025-11-08T20:04:58.515752Z,0.01,18,yes,3935994e-ac51-4a29-38e9-1143dc50f59d
KXNCAAFSPREAD-25NOV08INDPSU-IND14,2025-11-08T20:04:45.1741Z,0.01,100,yes,18988179-1f45-78d9-36f4-da8e6e7a965d
KXNCAAFSPREAD-25NOV08INDPSU-IND14,2025-11-08T20:03:29.553491Z,0.01,21,yes,3f0d914e-387d-5745-3526-cbc4f0d67435
KXNCAAFSPREAD-25NOV08INDPSU-IND14,2025-11-08T20:03:10.971056Z,0.01,98,yes,d79d3189-f309-6925-2d49-fcd3878b864d
KXNCAAFSPREAD-25NOV08INDPSU-IND14,2025-11-08T20:03:04.9595Z,0.01,90,yes,a626ac01-186d-6ef9-1382-ffd8ef2d6761
KXNCAAFSPREAD-25NOV08INDPSU-IND14,2025-11-08T20:03:00.689562Z,0.01,281,yes,125103f9-4a39-5a55-f1ee-5e9f4c391ba5
KXNCAAFSPREAD-25NOV08INDPSU-IND14,2025-11-08T20:01:21.938565Z,0.01,3588,yes,60fa9888-1de9-4801-1896-c7bafa6ce3e1
KXNCAAFSPREAD-25NOV08INDPSU-IND14,2025-11-08T20:00:05.033429Z,0.15,12,yes,247613ca-1b7b-64df-0fcd-19f5adfbb0c1
KXNCAAFSPREAD-25NOV08INDPSU-IND14,2025-11-08T19:57:33.775119Z,0.01,8,no,c2fdef2b-3fab-600a-fb52-cf3424962e5f
KXNCAAFSPREAD-25NOV08INDPSU-IND14,2025-11-08T19:57:33.775119Z,0.03,6,no,01bdcb25-edf0-6b42-eeb8-cb5486836fc4
KXNCAAFSPREAD-25NOV08INDPSU-IND14,2025-11-08T19:55:03.530766Z,0.05,44,yes,33fb3b97-befd-6c12-1b96-cb1236e89693
KXNCAAFSPREAD-25NOV08INDPSU-IND14,2025-11-08T19:54:57.84406Z,0.04,2,no,e9b2c3d4-a585-7195-02eb-035de1f6269c
KXNCAAFSPREAD-25NOV08INDPSU-IND14,2025-11-08T19:54:18.001976Z,0.01,54,no,5a0a451c-1444-5aae-06af-73c212f9bf7c
KXNCAAFSPREAD-25NOV08INDPSU-IND14,2025-11-08T19:54:18.001976Z,0.01,125,no,0485a183-05cf-580c-0a95-f97232d41096
KXNCAAFSPREAD-25NOV08INDPSU-IND14,2025-11-08T19:51:19.318747Z,0.09,219,yes,bddc1573-c5ac-4c2b-a137-4b590ac2860d
KXNCAAFSPREAD-25NOV08INDPSU-IND14,2025-11-08T19:49:28.029035Z,0.01,100,no,54038c55-4ee7-4688-27ae-1571908b1a0e
KXNCAAFSPREAD-25NOV08INDPSU-IND14,2025-11-08T19:49:14.135469Z,0.01,20,no,951a89ac-b66b-784c-df40-d1fcc43c3986
KXNCAAFSPREAD-25NOV08INDPSU-IND14,2025-11-08T19:48:32.041441Z,0.08,241,yes,f73d19b0-ac08-71a5-4be9-7b0f0a806a13
KXNCAAFSPREAD-25NOV08INDPSU-IND14,2025-11-08T19:46:18.138788Z,0.01,55,no,e1718d96-a51b-566c-d52b-81b73bb2bdba
KXNCAAFSPREAD-25NOV08INDPSU-IND14,2025-11-08T19:46:18.138788Z,0.04,107,no,cb2d9556-fa65-5cf3-ed01-700dcc72c29f
KXNCAAFSPREAD-25NOV08INDPSU-IND14,2025-11-08T19:46:18.138788Z,0.06,1000,no,95a0ba0b-a4b4-5858-d1dc-347c28e863c3
KXNCAAFSPREAD-25NOV08INDPSU-IND14,2025-11-08T19:46:18.138788Z,0.02,200,no,61fb39e2-dedb-5782-d128-0171a07e49ff
KXNCAAFSPREAD-25NOV08INDPSU-IND14,2025-11-08T19:46:18.138788Z,0.07,25,no,52f5b71e-5e43-57cb-d5db-780930eefdb9
KXNCAAFSPREAD-25NOV08INDPSU-IND14,2025-11-08T19:46:18.138788Z,0.03,100,no,22c717d0-1210-5bf2-cae3-b24e04b567a3
KXNCAAFSPREAD-25NOV08INDPSU-IND14,2025-11-08T19:46:18.138788Z,0.06,100,no,1ee71d1c-ab77-530e-f471-8b213c1dcb5c
KXNCAAFSPREAD-25NOV08INDPSU-IND14,2025-11-08T19:46:06.771679Z,0.08,18,no,f012f215-7b1f-5981-140e-c25f7aa47ce6
KXNCAAFSPREAD-25NOV08INDPSU-IND14,2025-11-08T19:46:06.771679Z,0.07,75,no,3c45c25f-7427-5e3b-01ed-b9dfebaab5a5
KXNCAAFSPREAD-25NOV08INDPSU-IND14,2025-11-08T19:45:15.055772Z,0.2,380,no,82f37c27-032f-7c55-b187-d6259270de43
KXNCAAFSPREAD-25NOV08INDPSU-IND14,2025-11-08T19:41:09.578394Z,0.21,40,no,25e5943f-5895-4842-e229-24dd0038a7ab
KXNCAAFSPREAD-25NOV08INDPSU-IND14,2025-11-08T19:39:42.434868Z,0.24,102,no,86a22fbf-ee6a-7a72-0ee2-530a5203dff8
KXNCAAFSPREAD-25NOV08INDPSU-IND14,2025-11-08T19:37:56.961356Z,0.44,1000,yes,e7c6af43-9bde-4fc6-fece-d7f7fb721c4f
KXNCAAFSPREAD-25NOV08INDPSU-IND14,2025-11-08T19:37:31.558343Z,0.39,9,no,fd419aa5-e034-4ef2-6a56-de31b247c77c
KXNCAAFSPREAD-25NOV08INDPSU-IND14,2025-11-08T19:33:48.186156Z,0.58,830,yes,a8b293cd-af5a-5669-a8a3-cf9650587f7c
KXNCAAFSPREAD-25NOV08INDPSU-IND14,2025-11-08T19:33:48.186156Z,0.57,257,yes,29f8a541-c816-52b5-8e99-705f3b36903c
KXNCAAFSPREAD-25NOV08INDPSU-IND14,2025-11-08T19:33:09.716792Z,0.53,48,yes,c00631e3-8190-5105-141a-679c1f5a26b4
KXNCAAFSPREAD-25NOV08INDPSU-IND14,2025-11-08T19:33:09.716792Z,0.6,38,yes,61dfb1d2-40f1-5687-15b7-fc9228c6a1d2
KXNCAAFSPREAD-25NOV08INDPSU-IND14,2025-11-08T19:33:05.280301Z,0.53,9,yes,574fc707-1120-5b11-7dd8-d42e71864910
KXNCAAFSPREAD-25NOV08INDPSU-IND14,2025-11-08T19:32:19.050918Z,0.53,91,yes,e5f6b6d0-a7d4-6629-4100-ccacde4c6acc
KXNCAAFSPREAD-25NOV08INDPSU-IND14,2025-11-08T19:30:51.271575Z,0.52,1,yes,16361820-1f0f-6216-411a-99ed6c683423
KXNCAAFSPREAD-25NOV08INDPSU-IND14,2025-11-08T19:29:35.808215Z,0.54,200,yes,94ef4cb7-54b3-4322-a644-6bfa9e6176d0
KXNCAAFSPREAD-25NOV08INDPSU-IND14,2025-11-08T19:29:35.808215Z,0.55,156,yes,89b03440-8df9-4882-aa2f-b385152f5c5c
KXNCAAFSPREAD-25NOV08INDPSU-IND14,2025-11-08T19:28:49.315504Z,0.43,26,no,ba63a7cd-aafb-691a-04a2-983c12f932e2
KXNCAAFSPREAD-25NOV08INDPSU-IND14,2025-11-08T19:28:49.315504Z,0.42,74,no,36449238-4402-6fd8-1c46-f9d31d1cf821
KXNCAAFSPREAD-25NOV08INDPSU-IND14,2025-11-08T19:28:38.476938Z,0.42,255,no,4ba51ca1-a0c2-6c8c-7f7b-3f560715a739
KXNCAAFSPREAD-25NOV08INDPSU-IND14,2025-11-08T19:28:38.476938Z,0.43,26,no,262cc049-814a-6a5b-690e-dcc49552b61f
KXNCAAFSPREAD-25NOV08INDPSU-IND14,2025-11-08T19:28:32.695714Z,0.55,169,yes,eea4d257-0c11-67d6-82cb-15abb63a3fd5
KXNCAAFSPREAD-25NOV08INDPSU-IND14,2025-11-08T19:26:14.115991Z,0.53,10,no,4ed68631-1917-559e-02ea-78a054ff0f1d
KXNCAAFSPREAD-25NOV08INDPSU-IND14,2025-11-08T19:25:18.567295Z,0.51,200,no,0b0821ba-4cf2-5654-ccec-ea8847b9ce55
KXNCAAFSPREAD-25NOV08INDPSU-IND14,2025-11-08T19:24:52.635762Z,0.56,2,yes,ae4f925d-beb5-70e6-dc14-2b1f82f4da18
KXNCAAFSPREAD-25NOV08INDPSU-IND14,2025-11-08T19:24:32.387775Z,0.57,300,yes,836d5272-efec-6aeb-3174-d80969f5982e
KXNCAAFSPREAD-25NOV08INDPSU-IND14,2025-11-08T19:24:31.879453Z,0.57,300,yes,87abb5cb-11ac-5d8f-b139-bbf3e05f81f2
KXNCAAFSPREAD-25NOV08INDPSU-IND14,2025-11-08T19:24:30.917885Z,0.57,300,yes,3806d0df-1e60-544f-aebe-6973ed6a514a
KXNCAAFSPREAD-25NOV08INDPSU-IND14,2025-11-08T19:24:29.032997Z,0.59,300,no,e719393e-8074-43f6-1242-436f150b55bc
KXNCAAFSPREAD-25NOV08INDPSU-IND14,2025-11-08T19:24:24.319862Z,0.63,300,no,53920417-af68-6288-e944-7ab1c451f43b
KXNCAAFSPREAD-25NOV08INDPSU-IND14,2025-11-08T19:24:17.303873Z,0.75,13,yes,8eb780b2-f234-665e-cce8-2032ae3ab4ff
KXNCAAFSPREAD-25NOV08INDPSU-IND14,2025-11-08T19:24:09.322377Z,0.74,1879,yes,e081fdbd-18d7-6403-6f49-b34d5a036e25
KXNCAAFSPREAD-25NOV08INDPSU-IND14,2025-11-08T19:24:09.322377Z,0.57,1335,yes,00c77309-939a-69ae-48f1-1f747fa54b7e
KXNCAAFSPREAD-25NOV08INDPSU-IND14,2025-11-08T19:21:21.523646Z,0.36,12,no,27bc97a0-e101-69f3-3fde-56e4d1974d2e
KXNCAAFSPREAD-25NOV08INDPSU-IND14,2025-11-08T19:18:10.893967Z,0.63,626,yes,cd66153f-5d30-6f8e-7827-1166f1f8bbb8
KXNCAAFSPREAD-25NOV08INDPSU-IND14,2025-11-08T19:18:04.643183Z,0.45,17,no,be12f631-3a30-5174-bc48-ca965d2b2e2d
KXNCAAFSPREAD-25NOV08INDPSU-IND14,2025-11-08T19:11:11.926112Z,0.65,3,yes,420ae9d1-426d-5ac7-4ae0-36f403f1271f
KXNCAAFSPREAD-25NOV08INDPSU-IND14,2025-11-08T19:08:34.385907Z,0.75,6,yes,7887c6e5-6bfc-427e-0bac-00441d288bd3
KXNCAAFSPREAD-25NOV08INDPSU-IND14,2025-11-08T19:01:27.655008Z,0.75,202,yes,73f645e1-9ec8-537e-520e-2a1b053f250b
KXNCAAFSPREAD-25NOV08INDPSU-IND14,2025-11-08T19:01:27.655008Z,0.67,1,yes,221f84e5-cbb9-582d-76b8-08f60ced0568
KXNCAAFSPREAD-25NOV08INDPSU-IND14,2025-11-08T18:58:45.709749Z,0.52,93,yes,ee0b61df-9151-7e08-00b9-73135b162b46
KXNCAAFSPREAD-25NOV08INDPSU-IND14,2025-11-08T18:57:42.234038Z,0.54,358,yes,77d2bc3e-4275-6702-76bb-5ab42b2ce7d9
KXNCAAFSPREAD-25NOV08INDPSU-IND14,2025-11-08T18:57:34.946527Z,0.51,98,no,c226653f-6d72-56a0-2363-2c87e792e184
KXNCAAFSPREAD-25NOV08INDPSU-IND14,2025-11-08T18:57:26.987603Z,0.54,64,yes,e40ff9d3-9b65-60c6-5770-8a9d6d7101a1
KXNCAAFSPREAD-25NOV08INDPSU-IND14,2025-11-08T18:56:12.786557Z,0.54,53,yes,f8475567-6f91-5666-49eb-2ca435bf27d9
KXNCAAFSPREAD-25NOV08INDPSU-IND14,2025-11-08T18:56:04.124098Z,0.53,74,yes,9904c6e6-a3d7-428c-e6e9-b8ca8e3f1a80
KXNCAAFSPREAD-25NOV08INDPSU-IND14,2025-11-08T18:56:04.124098Z,0.54,106,yes,7904545a-6345-440e-c989-fd6ac8c2c56d
KXNCAAFSPREAD-25NOV08INDPSU-IND14,2025-11-08T18:55:48.194375Z,0.54,8,yes,6d734d6f-e629-5ab2-078c-71cb272aa645
KXNCAAFSPREAD-25NOV08INDPSU-IND14,2025-11-08T18:53:27.773521Z,0.54,15,yes,b087b26b-8d95-69de-3855-e723af98cdb9
KXNCAAFSPREAD-25NOV08INDPSU-IND14,2025-11-08T18:53:18.298345Z,0.54,7557,yes,cdc98d9d-75cd-6782-0168-0d3a7dcf5971
KXNCAAFSPREAD-25NOV08INDPSU-IND14,2025-11-08T18:52:21.41456Z,0.54,20,yes,8022c7b6-8281-5d56-3e94-84dba38cee65
KXNCAAFSPREAD-25NOV08INDPSU-IND14,2025-11-08T18:51:49.87077Z,0.54,897,yes,5a8cedc8-0915-562e-34b1-6a66c9556901
KXNCAAFSPREAD-25NOV08INDPSU-IND14,2025-11-08T18:51:17.05668Z,0.51,9,no,6b156950-d032-71ac-7bdc-d2d83c794ae0
KXNCAAFSPREAD-25NOV08INDPSU-IND14,2025-11-08T18:51:15.712844Z,0.54,1,yes,272dafd3-aae9-5986-7b92-8891f9092529
KXNCAAFSPREAD-25NOV08INDPSU-IND14,2025-11-08T18:51:09.158323Z,0.54,174,yes,16b0a9f1-61f1-7c9e-6d81-0acd9f562d25
KXNCAAFSPREAD-25NOV08INDPSU-IND14,2025-11-08T18:50:15.534372Z,0.51,191,no,4e91cc46-56a6-760c-8d89-f24c194ff834
KXNCAAFSPREAD-25NOV08INDPSU-IND14,2025-11-08T18:49:54.097491Z,0.54,8970,yes,6f65bcff-91f1-4c86-b8c5-222fa64016f9
KXNCAAFSPREAD-25NOV08INDPSU-IND14,2025-11-08T18:49:44.634654Z,0.54,8,yes,4eabedb7-d145-4656-5d86-7bf9011a3525
KXNCAAFSPREAD-25NOV08INDPSU-IND14,2025-11-08T18:49:28.220465Z,0.51,59,no,ef999238-c5f2-77d8-6899-213258c49a2c
KXNCAAFSPREAD-25NOV08INDPSU-IND14,2025-11-08T18:49:07.58649Z,0.51,296,no,bab477e5-914a-4940-b088-7a739c22b2f4
KXNCAAFSPREAD-25NOV08INDPSU-IND14,2025-11-08T18:48:52.83562Z,0.54,80,yes,d8294288-5b09-4086-400a-12ad9ab4be85
KXNCAAFSPREAD-25NOV08INDPSU-IND14,2025-11-08T18:48:46.650302Z,0.54,179,yes,74c57044-4a1d-5f7e-15ad-3cb611dd7af5
KXNCAAFSPREAD-25NOV08INDPSU-IND14,2025-11-08T18:47:19.286284Z,0.54,3,yes,d775b33f-2d25-585e-d98f-4a4c385d5ee1
KXNCAAFSPREAD-25NOV08INDPSU-IND14,2025-11-08T18:43:44.41718Z,0.54,26,yes,721a560f-bd4d-42c2-5efc-905ad80939ad
KXNCAAFSPREAD-25NOV08INDPSU-IND14,2025-11-08T18:43:23.923181Z,0.54,21,yes,1b3928c3-2921-660a-9f24-cc8b226e4b99
KXNCAAFSPREAD-25NOV08INDPSU-IND14,2025-11-08T18:43:02.387486Z,0.54,89,yes,3eea8a73-d555-728e-d4a1-b5ac9eb99cd5
KXNCAAFSPREAD-25NOV08INDPSU-IND14,2025-11-08T18:40:13.047745Z,0.58,351,yes,6d3fe871-8b1d-7f7e-6f79-4a5e077eb1c1
KXNCAAFSPREAD-25NOV08INDPSU-IND14,2025-11-08T18:36:05.904346Z,0.59,8,yes,5a29c9cf-6009-640c-a931-ca00357433a3
KXNCAAFSPREAD-25NOV08INDPSU-IND14,2025-11-08T18:34:06.745452Z,0.45,951,no,ef58fca8-ba47-7065-cc73-078318c9400d
KXNCAAFSPREAD-25NOV08INDPSU-IND14,2025-11-08T18:34:06.745452Z,0.52,1000,no,43fbb455-c93e-7762-f257-36010a1daf63
KXNCAAFSPREAD-25NOV08INDPSU-IND14,2025-11-08T18:32:31.131227Z,0.5,22,no,d9cb13ca-e8c3-75f7-6730-41411e070e2c
KXNCAAFSPREAD-25NOV08INDPSU-IND14,2025-11-08T18:32:10.283629Z,0.59,32,yes,1906d52b-31ce-61b7-c97d-e4de82706b8a
KXNCAAFSPREAD-25NOV08INDPSU-IND14,2025-11-08T18:31:51.427992Z,0.56,27,yes,53a11547-b5e2-7286-904e-aec19f091705
KXNCAAFSPREAD-25NOV08INDPSU-IND14,2025-11-08T18:31:51.427992Z,0.59,15,yes,23236131-64de-7e77-ac2b-3c965ab38f36
KXNCAAFSPREAD-25NOV08INDPSU-IND14,2025-11-08T18:31:44.236344Z,0.51,6,no,1ffb1a2a-370a-7ac1-3330-2aaae1eafd77
KXNCAAFSPREAD-25NOV08INDPSU-IND14,2025-11-08T18:29:26.932893Z,0.33,145,no,a92300ea-9ec1-4db2-d61a-7809b301c16a
KXNCAAFSPREAD-25NOV08INDPSU-IND14,2025-11-08T18:29:01.891567Z,0.56,3,yes,dea88c0d-c6ce-4452-8b60-4101df41ecf1
KXNCAAFSPREAD-25NOV08INDPSU-IND14,2025-11-08T18:28:48.797791Z,0.47,4,no,94eeb08d-d8de-490f-2ace-0a3e9e6b6b63
KXNCAAFSPREAD-25NOV08INDPSU-IND14,2025-11-08T18:28:37.004392Z,0.46,38,no,bafd7889-2ed6-5aa4-d47c-5ef947627f5d
KXNCAAFSPREAD-25NOV08INDPSU-IND14,2025-11-08T18:26:52.162311Z,0.52,836,yes,82725c44-d750-6e47-62cb-79028ec14a23
KXNCAAFSPREAD-25NOV08INDPSU-IND14,2025-11-08T18:26:52.162311Z,0.52,10,yes,426a0406-6a57-6cdf-7f7d-d15eac9d7f08
KXNCAAFSPREAD-25NOV08INDPSU-IND14,2025-11-08T18:26:41.994066Z,0.44,119,no,118792f3-828e-712f-c4b5-3b88561a9678
KXNCAAFSPREAD-25NOV08INDPSU-IND14,2025-11-08T18:26:22.079068Z,0.44,68,no,f32d47c9-e2ba-5093-b41b-b56de5dfa678
KXNCAAFSPREAD-25NOV08INDPSU-IND14,2025-11-08T18:25:53.628713Z,0.44,117,no,ac9f759c-85fb-43db-bc22-ae029ec0da07
KXNCAAFSPREAD-25NOV08INDPSU-IND14,2025-11-08T18:25:53.628713Z,0.45,57,no,84905ca5-bef9-47d1-b24c-ede921fa9f04
KXNCAAFSPREAD-25NOV08INDPSU-IND14,2025-11-08T18:24:38.696439Z,0.32,10,no,c5b08ca8-b9b4-612f-2eee-9bbd39ff2092
KXNCAAFSPREAD-25NOV08INDPSU-IND14,2025-11-08T18:22:42.559081Z,0.28,65,no,d28fe3c1-8aa4-574d-1e4e-a9297c61b288
KXNCAAFSPREAD-25NOV08INDPSU-IND14,2025-11-08T18:10:55.01865Z,0.26,17,no,b59b0ad1-eb7a-6f27-58bf-48af3c76aaf9
KXNCAAFSPREAD-25NOV08INDPSU-IND14,2025-11-08T18:10:18.111302Z,0.26,101,no,ef7ed0e3-d410-7757-5c5a-9278605aa711
KXNCAAFSPREAD-25NOV08INDPSU-IND14,2025-11-08T18:09:48.028973Z,0.35,273,yes,24e934db-30aa-72b2-f5db-3adfe876471b
KXNCAAFSPREAD-25NOV08INDPSU-IND14,2025-11-08T18:08:57.250936Z,0.41,4,yes,817864a4-3894-5b9b-afb6-0669d0005630
KXNCAAFSPREAD-25NOV08INDPSU-IND14,2025-11-08T18:08:22.001237Z,0.33,1,yes,e9697407-7953-7ca4-7bde-cd7db031d548
KXNCAAFSPREAD-25NOV08INDPSU-IND14,2025-11-08T18:06:18.478212Z,0.32,25,yes,439dce7b-693b-7584-4a2b-6bdaaf7ffdb6
KXNCAAFSPREAD-25NOV08INDPSU-IND14,2025-11-08T18:00:38.528936Z,0.37,64,yes,0282f1ce-25a8-56ec-9939-9a5acbc2d531
KXNCAAFSPREAD-25NOV08INDPSU-IND14,2025-11-08T17:59:50.205772Z,0.37,25,yes,34f62da8-990c-483c-1624-617b4e2817d1
KXNCAAFSPREAD-25NOV08INDPSU-IND14,2025-11-08T17:58:33.13205Z,0.3,234,yes,4a4a787e-a785-6531-2546-8bea2457cd2f
KXNCAAFSPREAD-25NOV08INDPSU-IND14,2025-11-08T17:58:32.707838Z,0.3,73,yes,30dbed21-9f25-77bd-4538-8b9200dd0e2b
KXNCAAFSPREAD-25NOV08INDPSU-IND14,2025-11-08T17:58:19.976199Z,0.3,65,yes,27a5bf91-76ad-593d-8ced-32a2f462ff4b
KXNCAAFSPREAD-25NOV08INDPSU-IND14,2025-11-08T17:56:56.968021Z,0.35,8,yes,f1c67325-29b1-64d1-aa86-f7063351abdb
KXNCAAFSPREAD-25NOV08INDPSU-IND14,2025-11-08T17:56:47.662424Z,0.25,2,yes,e3134d38-d73e-54a1-577a-901e661b1d81
KXNCAAFSPREAD-25NOV08INDPSU-IND14,2025-11-08T17:56:07.27721Z,0.36,20,yes,77e3acc3-2b93-6655-7c63-80bfa43597e2
KXNCAAFSPREAD-25NOV08INDPSU-IND14,2025-11-08T17:55:56.327301Z,0.4,178,no,daf37a86-0ca9-5cd2-0035-273f2b64dda9
KXNCAAFSPREAD-25NOV08INDPSU-IND14,2025-11-08T17:55:52.357614Z,0.4,261,no,970c5dc4-c515-62da-7d2b-31c84c12aee9
KXNCAAFSPREAD-25NOV08INDPSU-IND14,2025-11-08T17:54:15.378888Z,0.44,68,yes,a1fd6a1b-c18b-6e2d-15d1-b27a807537b0
KXNCAAFSPREAD-25NOV08INDPSU-IND14,2025-11-08T17:51:52.463391Z,0.51,4739,yes,2e09c2ee-38e0-657e-6040-1d5b8391da4f
KXNCAAFSPREAD-25NOV08INDPSU-IND14,2025-11-08T17:51:34.874077Z,0.52,1000,no,aca16b2a-ec1b-446a-8269-d751172dc531
KXNCAAFSPREAD-25NOV08INDPSU-IND14,2025-11-08T17:49:49.697653Z,0.58,16,yes,2dcdd4d6-e4e0-47a2-39a2-6ebe0f6ef13b
KXNCAAFSPREAD-25NOV08INDPSU-IND14,2025-11-08T17:47:49.277599Z,0.53,5,no,378a8d8b-e5ab-5ffa-0235-e1d8369b6174
KXNCAAFSPREAD-25NOV08INDPSU-IND14,2025-11-08T17:46:33.402923Z,0.59,121,yes,e073fe2b-fbe1-6dd5-05dd-e425b0212113
KXNCAAFSPREAD-25NOV08INDPSU-IND14,2025-11-08T17:46:33.402923Z,0.5,3,yes,8d8e3028-52b2-620a-3aa4-9ac372724423
KXNCAAFSPREAD-25NOV08INDPSU-IND14,2025-11-08T17:45:26.886637Z,0.39,10,no,f6c5c78d-f5f2-538b-806c-df2529b40f20
KXNCAAFSPREAD-25NOV08INDPSU-IND14,2025-11-08T17:45:26.886637Z,0.39,52,no,30a6af4d-9052-57b6-9413-8c8f699579d8
KXNCAAFSPREAD-25NOV08INDPSU-IND14,2025-11-08T17:44:05.008928Z,0.49,5,yes,b0e11534-3e46-42f1-19b7-bf2127e155a8
KXNCAAFSPREAD-25NOV08INDPSU-IND14,2025-11-08T17:42:58.649967Z,0.49,5,yes,b30c4522-7c76-7931-3038-88769a8d6314
KXNCAAFSPREAD-25NOV08INDPSU-IND14,2025-11-08T17:42:21.091108Z,0.44,43,no,ce8cfaa5-1f0f-420a-eb10-492b10eeb787
KXNCAAFSPREAD-25NOV08INDPSU-IND14,2025-11-08T17:42:16.37703Z,0.5,48,yes,d50e52a7-86fa-4cf6-48eb-7e3e461f8c1f
KXNCAAFSPREAD-25NOV08INDPSU-IND14,2025-11-08T17:38:33.154237Z,0.47,205,yes,ef8c4959-0ebf-51d9-7a36-480350b07941
KXNCAAFSPREAD-25NOV08INDPSU-IND14,2025-11-08T17:34:22.20641Z,0.43,22,yes,e7ace126-624b-69ec-0870-a98dd7cd16da
KXNCAAFSPREAD-25NOV08INDPSU-IND14,2025-11-08T17:30:39.118435Z,0.34,2,no,e3f9fc67-e046-4728-2ef4-630145842b6a
KXNCAAFSPREAD-25NOV08INDPSU-IND14,2025-11-08T17:29:55.575684Z,0.47,75,yes,0b8f6c38-4759-7fe1-7c0f-df9e4de7eb98
KXNCAAFSPREAD-25NOV08INDPSU-IND14,2025-11-08T17:29:55.575684Z,0.47,150,yes,067ee52c-6ecd-75d4-786f-29ceba584b5b
KXNCAAFSPREAD-25NOV08INDPSU-IND14,2025-11-08T17:28:04.384212Z,0.38,15,no,5ed417ac-02a9-4422-c4e0-31bc0733b8ab
KXNCAAFSPREAD-25NOV08INDPSU-IND14,2025-11-08T17:26:56.583208Z,0.36,5,yes,1ef5dfee-6da8-65bf-8648-af12f31a3105
KXNCAAFSPREAD-25NOV08INDPSU-IND14,2025-11-08T17:26:43.61296Z,0.36,55,yes,50e8694e-a568-64b7-378c-e13ccd88ec6d
KXNCAAFSPREAD-25NOV08INDPSU-IND14,2025-11-08T17:24:39.176174Z,0.47,51,yes,e0f46c41-328a-7520-d24d-9cb82939f904
KXNCAAFSPREAD-25NOV08INDPSU-IND14,2025-11-08T17:24:13.797449Z,0.46,418,yes,5dc1b482-2f47-7280-f9db-8b0d13ad5636
KXNCAAFSPREAD-25NOV08INDPSU-IND14,2025-11-08T17:24:01.052401Z,0.45,990,yes,957c2a87-41ac-4d86-7a14-9609fee6c06d
KXNCAAFSPREAD-25NOV08INDPSU-IND14,2025-11-08T17:24:01.052401Z,0.45,10,yes,6bdc4eb1-29d1-4247-5421-cafec5a024bd
KXNCAAFSPREAD-25NOV08INDPSU-IND14,2025-11-08T17:24:01.052401Z,0.47,67,yes,3dc01763-ba92-4a24-52af-06ec07fbbd94
KXNCAAFSPREAD-25NOV08INDPSU-IND14,2025-11-08T17:23:47.344132Z,0.45,10,yes,caef892f-15c8-5ef2-a55c-c7bc8bea1b69
KXNCAAFSPREAD-25NOV08INDPSU-IND14,2025-11-08T17:18:14.034148Z,0.33,197,no,267acd36-1857-5df0-a7d7-4164efbd865d
KXNCAAFSPREAD-25NOV08INDPSU-IND14,2025-11-08T17:15:22.192781Z,0.44,1000,no,3451b58b-9d23-5b7a-9b52-51529a85492e
KXNCAAFSPREAD-25NOV08INDPSU-IND14,2025-11-08T17:15:08.761807Z,0.17,5,no,e4c5d0eb-2d03-6888-e749-c3f4b2197301
KXNCAAFSPREAD-25NOV08INDPSU-IND14,2025-11-08T17:13:56.930854Z,0.5,10,yes,396d7d99-118a-681a-13e3-51e04d67e12b
KXNCAAFSPREAD-25NOV08INDPSU-IND14,2025-11-08T17:12:53.519566Z,0.5,10,yes,2221958a-fbca-61f6-17ab-278a1bc2a753
KXNCAAFSPREAD-25NOV08INDPSU-IND14,2025-11-08T17:12:47.113191Z,0.5,5,yes,a79b1e23-39a2-5446-951c-2787f337de03
KXNCAAFSPREAD-25NOV08INDPSU-IND14,2025-11-08T17:12:22.389975Z,0.5,21,yes,220f4406-a8b6-5096-8fd4-f497fcfe1d33
KXNCAAFSPREAD-25NOV08INDPSU-IND14,2025-11-08T17:12:14.020386Z,0.46,439,no,a418d2e3-2a50-5aad-7423-a42896f2a2d8
KXNCAAFSPREAD-25NOV08INDPSU-IND14,2025-11-08T17:12:08.834984Z,0.45,18,yes,bb8dba3e-dc91-4aab-1807-d2b2697f2b98
KXNCAAFSPREAD-25NOV08INDPSU-IND14,2025-11-08T17:12:08.834984Z,0.5,3,yes,9668c06d-ca9e-447e-26e6-704cc1564daf
KXNCAAFSPREAD-25NOV08INDPSU-IND14,2025-11-08T17:11:08.516768Z,0.49,59,yes,25ee595f-dc54-4a26-7a23-6bdfe7c8e6cf
KXNCAAFSPREAD-25NOV08INDPSU-IND14,2025-11-08T17:10:49.539245Z,0.49,59,yes,1c7eafb5-0360-7d9a-597f-e09a27ef21db
KXNCAAFSPREAD-25NOV08INDPSU-IND14,2025-11-08T17:09:36.18883Z,0.49,210,yes,1a2a47ba-62d8-65ce-bcad-e462ecd13517
KXNCAAFSPREAD-25NOV08INDPSU-IND14,2025-11-08T17:09:35.433797Z,0.49,98,yes,3806114c-0d50-4126-fca8-8c559a715097
KXNCAAFSPREAD-25NOV08INDPSU-IND14,2025-11-08T17:08:03.652268Z,0.44,1000,no,ef63d6ea-b485-4ae9-7c70-adaa7c2e79db
KXNCAAFSPREAD-25NOV08INDPSU-IND14,2025-11-08T17:08:03.652268Z,0.28,226,no,dd1c56ad-2e91-4c8e-6586-39a35fb04391
KXNCAAFSPREAD-25NOV08INDPSU-IND14,2025-11-08T17:08:03.652268Z,0.44,10,no,5f22cc55-587e-4880-5d56-372e0df0962e
KXNCAAFSPREAD-25NOV08INDPSU-IND14,2025-11-08T17:08:03.652268Z,0.33,1,no,42a0fb8a-7a6f-4f22-7f1a-672c024659bb
KXNCAAFSPREAD-25NOV08INDPSU-IND14,2025-11-08T17:07:57.471082Z,0.49,5,yes,fff22689-6f85-533b-2aec-f91d81d82d12
KXNCAAFSPREAD-25NOV08INDPSU-IND14,2025-11-08T17:07:57.471082Z,0.49,44,yes,70051d5c-c3a8-547e-3346-05d1ee19ef3f
KXNCAAFSPREAD-25NOV08INDPSU-IND14,2025-11-08T17:06:41.080506Z,0.47,4103,yes,fcb63693-3ba5-6d0a-24df-c3a5238123ff
KXNCAAFSPREAD-25NOV08INDPSU-IND14,2025-11-08T17:06:36.728331Z,0.47,102,yes,4e1dde2a-6175-50b6-8fef-5d0f3452a9a3
KXNCAAFSPREAD-25NOV08INDPSU-IND14,2025-11-08T17:06:03.978514Z,0.47,11,yes,6eb54ec1-80ad-7832-f0f6-457d390d5627
KXNCAAFSPREAD-25NOV08INDPSU-IND14,2025-11-08T17:05:34.138419Z,0.47,41,yes,d2254a5e-df25-74e2-d448-7427cff39fab
KXNCAAFSPREAD-25NOV08INDPSU-IND14,2025-11-08T17:05:22.102177Z,0.47,205,yes,b40d3ae2-c959-71de-5616-9ec1ec1b7d83
KXNCAAFSPREAD-25NOV08INDPSU-IND14,2025-11-08T17:05:20.837981Z,0.47,41,yes,91d2bf55-cf25-6122-08d7-01cd28ac0edf
KXNCAAFSPREAD-25NOV08INDPSU-IND14,2025-11-08T17:05:01.388327Z,0.47,2,yes,e6fc7651-6ca1-698e-b12e-f984b59e7f1b
KXNCAAFSPREAD-25NOV08INDPSU-IND14,2025-11-08T17:04:59.712296Z,0.45,423,no,115ed8e2-9df1-4b46-3526-4426ebf2c2cd
KXNCAAFSPREAD-25NOV08INDPSU-IND14,2025-11-08T17:04:33.458781Z,0.46,319,no,e4ba4631-c877-5d1f-3aaf-9e19318f29e7
KXNCAAFSPREAD-25NOV08INDPSU-IND14,2025-11-08T17:04:20.361854Z,0.47,80,yes,5d23f003-2f0d-624a-2c76-4db871caedf7
KXNCAAFSPREAD-25NOV08INDPSU-IND14,2025-11-08T17:03:49.498604Z,0.47,10,yes,9890b9de-3e55-7596-c839-740ae9f94c0f
KXNCAAFSPREAD-25NOV08INDPSU-IND14,2025-11-08T17:03:25.458078Z,0.47,205,yes,23143111-1155-670a-fa72-30b29ceb2a07
KXNCAAFSPREAD-25NOV08INDPSU-IND14,2025-11-08T17:03:09.689143Z,0.47,71,yes,e17a5084-b5a1-50ae-0ea1-bf03e95aabab
KXNCAAFSPREAD-25NOV08INDPSU-IND14,2025-11-08T17:03:08.21585Z,0.47,299,yes,01435927-d1ed-585a-1594-e16703cf025f
KXNCAAFSPREAD-25NOV08INDPSU-IND14,2025-11-08T17:02:59.059827Z,0.45,72,no,ecb698c8-1f3c-5c36-1212-9aafc4451a94
KXNCAAFSPREAD-25NOV08INDPSU-IND14,2025-11-08T17:02:59.059827Z,0.46,27,no,d4dc9f6f-b396-5527-1336-a87663158d0c
KXNCAAFSPREAD-25NOV08INDPSU-IND14,2025-11-08T17:02:49.311746Z,0.46,25,no,2d9431a9-3ef2-6d03-86fc-0f3944c06b24
KXNCAAFSPREAD-25NOV08INDPSU-IND14,2025-11-08T17:02:14.5696Z,0.48,30,yes,a401b786-8e68-7ae7-e2c0-ae4826b1ee99
KXNCAAFSPREAD-25NOV08INDPSU-IND14,2025-11-08T17:01:44.551006Z,0.48,1005,yes,a53c22df-1248-6c53-8521-db3b916a6281
KXNCAAFSPREAD-25NOV08INDPSU-IND14,2025-11-08T17:01:43.790163Z,0.48,10,yes,942f0e55-3c98-5623-d84e-1e5dbfe7de19
KXNCAAFSPREAD-25NOV08INDPSU-IND14,2025-11-08T17:01:37.123223Z,0.49,197,yes,0429cc9d-50aa-5790-7405-d7ee9f137c78
KXNCAAFSPREAD-25NOV08INDPSU-IND14,2025-11-08T17:00:58.068975Z,0.46,448,no,dbc4262e-53e2-7317-7920-1642242f904c
KXNCAAFSPREAD-25NOV08INDPSU-IND14,2025-11-08T17:00:12.419617Z,0.47,821,yes,d71bc24a-5b2c-52c2-d1eb-93eca7da1b05
KXNCAAFSPREAD-25NOV08INDPSU-IND14,2025-11-08T17:00:10.517809Z,0.47,10,yes,e95e2aff-5b68-5a2e-c28a-fd499ae6c0f1
KXNCAAFSPREAD-25NOV08INDPSU-IND14,2025-11-08T17:00:03.417287Z,0.47,4,yes,01ed96d9-4128-64de-42f0-46572466ebd5
KXNCAAFSPREAD-25NOV08INDPSU-IND14,2025-11-08T16:59:20.857514Z,0.47,30,yes,b81a8e79-67b6-4a97-0ee1-6da501853507
KXNCAAFSPREAD-25NOV08INDPSU-IND14,2025-11-08T16:59:13.902082Z,0.46,10,no,55c36f59-7e2f-4a64-debf-2fc0d373f089
KXNCAAFSPREAD-25NOV08INDPSU-IND14,2025-11-08T16:58:04.245218Z,0.47,410,yes,b83d0ce2-9766-6c73-6530-494bcab82f5f
KXNCAAFSPREAD-25NOV08INDPSU-IND14,2025-11-08T16:57:39.356004Z,0.46,358,no,74b21d69-0c57-7278-dcc5-9117130a6aa9
KXNCAAFSPREAD-25NOV08INDPSU-IND14,2025-11-08T16:57:18.428623Z,0.46,17,no,5b111813-5043-60ac-ee06-2cf26b5a17dd
KXNCAAFSPREAD-25NOV08INDPSU-IND14,2025-11-08T16:56:50.993826Z,0.47,51,yes,3a2adc06-938e-560b-9059-0c0ef457a557
KXNCAAFSPREAD-25NOV08INDPSU-IND14,2025-11-08T16:56:24.725274Z,0.46,50,no,57dee9ae-6a8b-5b58-f7da-212a7fee9de9
KXNCAAFSPREAD-25NOV08INDPSU-IND14,2025-11-08T16:56:24.725274Z,0.46,44,no,50377d08-81b3-549e-e301-866d9405ada2
KXNCAAFSPREAD-25NOV08INDPSU-IND14,2025-11-08T16:56:24.725274Z,0.46,6,no,4394b0e5-89af-5940-f08b-6885d3c4b725
KXNCAAFSPREAD-25NOV08INDPSU-IND14,2025-11-08T16:56:23.662002Z,0.47,6,yes,33ce1ec5-443a-7a1b-b863-42e2ae5a0013
KXNCAAFSPREAD-25NOV08INDPSU-IND14,2025-11-08T16:56:19.020808Z,0.47,90,yes,f46f1920-373e-46e7-651c-e7d8bc7cece7
KXNCAAFSPREAD-25NOV08INDPSU-IND14,2025-11-08T16:55:00.154523Z,0.47,2,yes,2af2ec3b-742e-6bcb-237b-97f75ea84273
KXNCAAFSPREAD-25NOV08INDPSU-IND14,2025-11-08T16:54:57.848493Z,0.47,205,yes,dd81d385-7b26-596f-c848-378115f5af23
KXNCAAFSPREAD-25NOV08INDPSU-IND14,2025-11-08T16:54:52.348716Z,0.46,179,no,7a8e6849-1257-5b96-4a0a-ec6a3858af2e
KXNCAAFSPREAD-25NOV08INDPSU-IND14,2025-11-08T16:54:35.479194Z,0.47,20,yes,f3c271fb-6f62-7d1f-b7cb-e454ad2bd87b
KXNCAAFSPREAD-25NOV08INDPSU-IND14,2025-11-08T16:54:09.668238Z,0.47,51,yes,b9eae102-251a-76f3-8988-28c052c9574b
KXNCAAFSPREAD-25NOV08INDPSU-IND14,2025-11-08T16:52:44.588717Z,0.46,89,no,2f1a84bf-7bbb-45b2-7e0a-13671a08059a
KXNCAAFSPREAD-25NOV08INDPSU-IND14,2025-11-08T16:52:28.390621Z,0.46,46,no,ce164af9-9e0f-5596-1295-0db52432c7ea
KXNCAAFSPREAD-25NOV08INDPSU-IND14,2025-11-08T16:52:25.546511Z,0.46,351,no,1da4631c-b823-6732-8a7e-5e9200b6d7ce
KXNCAAFSPREAD-25NOV08INDPSU-IND14,2025-11-08T16:52:19.91291Z,0.46,35,no,8af6d24b-bdcb-478a-bd55-fe6f6494cafe
KXNCAAFSPREAD-25NOV08INDPSU-IND14,2025-11-08T16:52:13.968922Z,0.46,1255,no,cf0b4f57-4ff3-4d36-48b4-d3ee004515e6
KXNCAAFSPREAD-25NOV08INDPSU-IND14,2025-11-08T16:51:25.151182Z,0.47,41,yes,da87184e-4356-7ca7-027e-b6b8a054458f
KXNCAAFSPREAD-25NOV08INDPSU-IND14,2025-11-08T16:50:33.959171Z,0.46,679,no,813be946-2d7f-7756-9e64-d58bd520d4fa
KXNCAAFSPREAD-25NOV08INDPSU-IND14,2025-11-08T16:49:50.870895Z,0.47,22,yes,c3f725bc-9db2-799f-0968-f7056cd78eaf
KXNCAAFSPREAD-25NOV08INDPSU-IND14,2025-11-08T16:49:47.61887Z,0.46,215,no,2977ceeb-9daf-5f12-4f21-3cab14556c92
KXNCAAFSPREAD-25NOV08INDPSU-IND14,2025-11-08T16:49:46.528504Z,0.47,20,yes,64dc2b87-85d2-5247-78c4-960266214437
KXNCAAFSPREAD-25NOV08INDPSU-IND14,2025-11-08T16:49:40.315687Z,0.46,300,no,e0bd20c1-7a17-781e-ff9e-f873aaa7f3ca
KXNCAAFSPREAD-25NOV08INDPSU-IND14,2025-11-08T16:49:09.135663Z,0.47,10,yes,22dacaa3-1276-78fb-670c-e2a53bd64723
KXNCAAFSPREAD-25NOV08INDPSU-IND14,2025-11-08T16:48:56.10318Z,0.47,10,yes,3bfd87ce-a752-5d4b-d72c-a47c84cb71bb
KXNCAAFSPREAD-25NOV08INDPSU-IND14,2025-11-08T16:48:46.057675Z,0.46,89,no,e5095413-a02b-741a-a260-23a7e1686646
KXNCAAFSPREAD-25NOV08INDPSU-IND14,2025-11-08T16:48:20.729658Z,0.47,410,yes,bdc6c16a-0c1a-71cb-e425-51ef4a90faab
KXNCAAFSPREAD-25NOV08INDPSU-IND14,2025-11-08T16:48:12.870383Z,0.47,102,yes,31e66e2c-7836-78bf-91f5-e936d42dcabf
KXNCAAFSPREAD-25NOV08INDPSU-IND14,2025-11-08T16:47:25.455151Z,0.47,176,yes,ca1beaee-adc2-4e77-62cb-b46a28228ac3
KXNCAAFSPREAD-25NOV08INDPSU-IND14,2025-11-08T16:47:18.097112Z,0.47,162,yes,b17ed534-6c9a-5aa3-b1db-834d3cf09b8f
KXNCAAFSPREAD-25NOV08INDPSU-IND14,2025-11-08T16:47:02.919594Z,0.46,10,no,6ea8bdbb-725b-4916-bc06-4e08fe445926
KXNCAAFSPREAD-25NOV08INDPSU-IND14,2025-11-08T16:46:57.666745Z,0.46,448,no,56f15b5e-98d3-5e5a-61de-68f252b270fa
KXNCAAFSPREAD-25NOV08INDPSU-IND14,2025-11-08T16:46:56.682218Z,0.46,358,no,2a3b6fa1-3be3-67ee-42e5-2ef5ff3958ee
KXNCAAFSPREAD-25NOV08INDPSU-IND14,2025-11-08T16:46:48.121153Z,0.46,26,no,40372951-942f-5da6-18cc-0e436744b392
KXNCAAFSPREAD-25NOV08INDPSU-IND14,2025-11-08T16:46:31.106551Z,0.47,5026,yes,0b517c80-5c7a-69d7-128d-b0decaf31ddf
KXNCAAFSPREAD-25NOV08INDPSU-IND14,2025-11-08T16:45:53.073942Z,0.47,41,yes,dd598bc0-f70a-55d3-b642-d4c039d84cfb
KXNCAAFSPREAD-25NOV08INDPSU-IND14,2025-11-08T16:45:46.941468Z,0.46,71,no,cc4293c8-a093-736e-a0a4-c95d5a39de12
KXNCAAFSPREAD-25NOV08INDPSU-IND14,2025-11-08T16:45:37.639984Z,0.46,114,no,d186ad6a-0927-43ee-7588-614af5a4e8da
KXNCAAFSPREAD-25NOV08INDPSU-IND14,2025-11-08T16:45:23.457715Z,0.46,35,no,6d56f044-bc0f-64be-b5af-6db25eb6a756
KXNCAAFSPREAD-25NOV08INDPSU-IND14,2025-11-08T16:45:22.969131Z,0.47,47,yes,a7c5f036-3c46-53fb-d923-c483198a312b
KXNCAAFSPREAD-25NOV08INDPSU-IND14,2025-11-08T16:45:14.44829Z,0.47,205,yes,6f0a2b0a-7f96-7943-17e9-48189bfb7223
KXNCAAFSPREAD-25NOV08INDPSU-IND14,2025-11-08T16:44:11.767965Z,0.47,262,yes,c4db7090-3eba-71a7-81cd-f6dc68134197
KXNCAAFSPREAD-25NOV08INDPSU-IND14,2025-11-08T16:43:38.38818Z,0.46,89,no,98d05d98-55cb-6d92-9e1a-bdefd6559342
KXNCAAFSPREAD-25NOV08INDPSU-IND14,2025-11-08T16:43:16.028808Z,0.46,3588,no,8e2dca4b-abd3-6ce6-7a6b-edd024d09b1e
KXNCAAFSPREAD-25NOV08INDPSU-IND14,2025-11-08T16:40:53.843614Z,0.47,10,yes,dfbcb663-9b32-5f03-68ad-5f4a377a6013
KXNCAAFSPREAD-25NOV08INDPSU-IND14,2025-11-08T16:40:22.682128Z,0.47,2,yes,fe3f8303-3912-6d7b-2b18-e1a3fd8c87f7
KXNCAAFSPREAD-25NOV08INDPSU-IND14,2025-11-08T16:39:53.407159Z,0.47,512,yes,a9478b86-1e0a-71a7-1387-9267454712ef
KXNCAAFSPREAD-25NOV08INDPSU-IND14,2025-11-08T16:39:32.459845Z,0.46,246,no,26bb4acb-fef7-7096-dc48-5ed5e63c7ae2
KXNCAAFSPREAD-25NOV08INDPSU-IND14,2025-11-08T16:38:04.15024Z,0.47,17,yes,b8348db9-a012-489b-3a70-03fcfea61dcf
KXNCAAFSPREAD-25NOV08INDPSU-IND14,2025-11-08T16:36:57.276502Z,0.47,118,yes,44e44eec-d54a-6d1b-a56c-c1b9cd3499ff
KXNCAAFSPREAD-25NOV08INDPSU-IND14,2025-11-08T16:36:41.093924Z,0.47,51,yes,f826c6dc-27be-48a7-d3e2-6524524eb117
KXNCAAFSPREAD-25NOV08INDPSU-IND14,2025-11-08T16:35:23.631478Z,0.46,35,no,85c0944b-fd03-476e-1788-414428bb6576
KXNCAAFSPREAD-25NOV08INDPSU-IND14,2025-11-08T16:34:55.660115Z,0.47,307,yes,2d33b232-aa5a-4a8b-fc83-70cc6ee3e1d3
KXNCAAFSPREAD-25NOV08INDPSU-IND14,2025-11-08T16:34:43.833581Z,0.46,17,no,eaf75ed4-3663-7576-17c7-aa4c8aef4f52
KXNCAAFSPREAD-25NOV08INDPSU-IND14,2025-11-08T16:34:43.088376Z,0.47,98,yes,29556404-855a-651b-95f6-3c7aff3ae5e7
KXNCAAFSPREAD-25NOV08INDPSU-IND14,2025-11-08T16:33:54.60065Z,0.46,5,no,556f28af-7c4b-431a-ebab-d0ab3b951b32
KXNCAAFSPREAD-25NOV08INDPSU-IND14,2025-11-08T16:33:01.372139Z,0.47,718,yes,7018d092-4da2-66b3-e2a7-f7d73aad2d83
KXNCAAFSPREAD-25NOV08INDPSU-IND14,2025-11-08T16:32:33.32122Z,0.46,35,no,ec25c164-7aa7-7062-ea23-34a1e1c81ea6
KXNCAAFSPREAD-25NOV08INDPSU-IND14,2025-11-08T16:32:25.737697Z,0.47,20,yes,8c6b294e-39ee-6103-0de6-2fad18aee46f
KXNCAAFSPREAD-25NOV08INDPSU-IND14,2025-11-08T16:31:55.944642Z,0.46,53,no,1af22dc5-1b6b-7a7e-0065-31ab29b3212a
KXNCAAFSPREAD-25NOV08INDPSU-IND14,2025-11-08T16:31:51.72863Z,0.47,51,yes,afc1b05b-8502-5ba3-e8fc-97e317e16567
KXNCAAFSPREAD-25NOV08INDPSU-IND14,2025-11-08T16:31:48.554543Z,0.46,35,no,faceecee-70ef-7d2a-69e3-6615eb1d24e2
KXNCAAFSPREAD-25NOV08INDPSU-IND14,2025-11-08T16:31:46.767249Z,0.46,116,no,499e9ffd-24e7-5f0e-c2f2-2cdba69f92c2
KXNCAAFSPREAD-25NOV08INDPSU-IND14,2025-11-08T16:31:27.515887Z,0.47,102,yes,32eaac5c-f176-6103-760a-18ca25ef0b3f
KXNCAAFSPREAD-25NOV08INDPSU-IND14,2025-11-08T16:31:21.863087Z,0.47,149,yes,60fb3f46-7542-70d7-d177-8d7c8ea73517
KXNCAAFSPREAD-25NOV08INDPSU-IND14,2025-11-08T16:31:05.467335Z,0.47,410,yes,bd27054e-6df6-736b-e947-5ec9446c6787
KXNCAAFSPREAD-25NOV08INDPSU-IND14,2025-11-08T16:31:03.544897Z,0.46,17,no,a37bfb53-24db-4446-55fb-b970473caaa2
KXNCAAFSPREAD-25NOV08INDPSU-IND14,2025-11-08T16:30:40.658968Z,0.47,1,yes,d820d5bf-fcf6-6aa9-365c-1306d82dffc0
KXNCAAFSPREAD-25NOV08INDPSU-IND14,2025-11-08T16:30:40.658968Z,0.47,47,yes,b348608a-e626-68f4-3610-2c8781d493e9
KXNCAAFSPREAD-25NOV08INDPSU-IND14,2025-11-08T16:30:40.658968Z,0.47,13,yes,5f47d712-59ee-684b-1b66-2b0c10c0f60f
KXNCAAFSPREAD-25NOV08INDPSU-IND14,2025-11-08T16:30:03.318369Z,0.46,8,no,d6a18258-a8c3-5796-6e97-aa4c88e2fd8a
KXNCAAFSPREAD-25NOV08INDPSU-IND14,2025-11-08T16:29:53.846361Z,0.47,20,yes,47b03eed-7ece-5cd1-de49-1fab6973adc8
KXNCAAFSPREAD-25NOV08INDPSU-IND14,2025-11-08T16:29:27.347713Z,0.46,8,no,5a79d11c-0a5f-4372-9fd5-e369954c8286
KXNCAAFSPREAD-25NOV08INDPSU-IND14,2025-11-08T16:27:28.918701Z,0.47,41,yes,3f322c99-043a-56d5-fea3-9f47d76f9728
KXNCAAFSPREAD-25NOV08INDPSU-IND14,2025-11-08T16:26:45.316493Z,0.46,107,no,d868c3f6-9aa7-6fb2-6f58-1b4305391a1e
KXNCAAFSPREAD-25NOV08INDPSU-IND14,2025-11-08T16:26:34.887136Z,0.46,19,no,5696727a-5c2b-6d22-a0de-9b499af7a84e
KXNCAAFSPREAD-25NOV08INDPSU-IND14,2025-11-08T16:26:20.445827Z,0.46,627,no,e00029db-98c7-636e-bfe2-3f0a820279e6
KXNCAAFSPREAD-25NOV08INDPSU-IND14,2025-11-08T16:25:37.997308Z,0.46,26,no,20fe0551-e9ef-6f4e-2dac-88196ad646da
KXNCAAFSPREAD-25NOV08INDPSU-IND14,2025-11-08T16:23:49.283772Z,0.46,512,no,5a6273cc-fc73-688a-4a13-20a1c7282c06
KXNCAAFSPREAD-25NOV08INDPSU-IND14,2025-11-08T16:23:23.371076Z,0.47,512,yes,4d18f988-2662-760d-fd36-959142aa5cc8
KXNCAAFSPREAD-25NOV08INDPSU-IND14,2025-11-08T16:23:22.422051Z,0.46,17,no,27dc9023-2c57-657e-7980-7d1dcf16019a
KXNCAAFSPREAD-25NOV08INDPSU-IND14,2025-11-08T16:22:38.915597Z,0.47,10,yes,1141f8b8-9386-4635-5587-e9f946494624
KXNCAAFSPREAD-25NOV08INDPSU-IND14,2025-11-08T16:22:04.224271Z,0.46,89,no,ca213997-6853-7cd6-83e2-086c939d943e
KXNCAAFSPREAD-25NOV08INDPSU-IND14,2025-11-08T16:21:59.527528Z,0.47,30,yes,5e0b5cb6-648e-46d1-6e94-385cd2c2bb7c
KXNCAAFSPREAD-25NOV08INDPSU-IND14,2025-11-08T16:21:36.323942Z,0.47,20,yes,25a4aef0-79ae-6e05-edbb-d253995d9468
KXNCAAFSPREAD-25NOV08INDPSU-IND14,2025-11-08T16:21:13.578918Z,0.46,7,no,7204a4be-a42b-4dca-28d3-2f937e72e54a
KXNCAAFSPREAD-25NOV08INDPSU-IND14,2025-11-08T16:21:13.578918Z,0.46,1,no,1d96de30-fd32-41cd-12cb-549eb6670e32
KXNCAAFSPREAD-25NOV08INDPSU-IND14,2025-11-08T16:20:38.269037Z,0.47,6,yes,8c53ac01-056e-4029-1f4d-c83d88ebaa40
KXNCAAFSPREAD-25NOV08INDPSU-IND14,2025-11-08T16:20:16.365823Z,0.46,269,no,47db842c-48d0-7b80-9059-b6e89d7faeaf
KXNCAAFSPREAD-25NOV08INDPSU-IND14,2025-11-08T16:19:36.394904Z,0.46,125,no,eaf3cb32-7400-649c-cc22-7467fd3871a7
KXNCAAFSPREAD-25NOV08INDPSU-IND14,2025-11-08T16:18:46.230646Z,0.46,44,no,39c0af9c-312c-594c-fa9f-4e9c71e44d37
KXNCAAFSPREAD-25NOV08INDPSU-IND14,2025-11-08T16:18:12.873981Z,0.46,35,no,e7265100-32a0-401c-78d7-d353642ea66b
KXNCAAFSPREAD-25NOV08INDPSU-IND14,2025-11-08T16:17:38.816129Z,0.47,20,yes,72f4b7ae-cbb6-56a5-ded9-5fcef3bab29c
KXNCAAFSPREAD-25NOV08INDPSU-IND14,2025-11-08T16:17:23.561059Z,0.46,49,no,5573d4d6-3534-71c0-be7a-a401098c235f
KXNCAAFSPREAD-25NOV08INDPSU-IND14,2025-11-08T16:16:33.76387Z,0.47,102,yes,9a96d330-13d2-4565-47f5-c0a3ff27a5e4
KXNCAAFSPREAD-25NOV08INDPSU-IND14,2025-11-08T16:15:59.354633Z,0.47,102,yes,40903561-d07a-527d-540c-8e848f961338
KXNCAAFSPREAD-25NOV08INDPSU-IND14,2025-11-08T16:14:37.314634Z,0.46,1005,no,6a2ca6ee-8968-66f0-0915-468973040713
KXNCAAFSPREAD-25NOV08INDPSU-IND14,2025-11-08T16:14:12.139836Z,0.46,96,no,02581698-1a8c-6cc8-0d19-e0775d303793
KXNCAAFSPREAD-25NOV08INDPSU-IND14,2025-11-08T16:12:53.069335Z,0.47,51,yes,ab561d3c-4436-7d39-a198-885d38695a84
KXNCAAFSPREAD-25NOV08INDPSU-IND14,2025-11-08T16:11:39.867685Z,0.47,34,yes,bc775d93-60aa-597d-3861-5f84c2429ca8
KXNCAAFSPREAD-25NOV08INDPSU-IND14,2025-11-08T16:10:16.652664Z,0.46,68,no,49b56717-6a8c-5fc4-bd7f-7c171ef9e90f
KXNCAAFSPREAD-25NOV08INDPSU-IND14,2025-11-08T16:07:50.414536Z,0.47,51,yes,97935983-60ce-78f1-0fde-b3e62f7f8580
KXNCAAFSPREAD-25NOV08INDPSU-IND14,2025-11-08T16:06:32.792315Z,0.46,135,no,f1fec46a-bdb0-45b0-712f-407f510a8813
KXNCAAFSPREAD-25NOV08INDPSU-IND14,2025-11-08T16:05:56.200089Z,0.47,20,yes,8e722829-926c-6233-6004-296175dfe975
KXNCAAFSPREAD-25NOV08INDPSU-IND14,2025-11-08T16:04:52.310343Z,0.47,410,yes,877be0ad-9a40-4423-6f20-332f879cabf1
KXNCAAFSPREAD-25NOV08INDPSU-IND14,2025-11-08T16:04:25.783467Z,0.47,59,yes,b0f7b1e1-852c-6d3f-a6a3-ba2ee5f88921
KXNCAAFSPREAD-25NOV08INDPSU-IND14,2025-11-08T16:02:51.774006Z,0.47,205,yes,6e8a7eef-6c0a-4a40-baf0-d30a1dc59ed3
KXNCAAFSPREAD-25NOV08INDPSU-IND14,2025-11-08T16:02:35.903552Z,0.47,1000,yes,e85c1620-8be2-4a40-97ca-51ce7101b43f
KXNCAAFSPREAD-25NOV08INDPSU-IND14,2025-11-08T16:00:56.36306Z,0.47,18,no,e2dc2e43-dc6c-47ad-feae-6c29af043686
KXNCAAFSPREAD-25NOV08INDPSU-IND14,2025-11-08T16:00:56.36306Z,0.47,41,no,d20b6d0f-39bb-45c3-df99-749be8e24ce4
KXNCAAFSPREAD-25NOV08INDPSU-IND14,2025-11-08T16:00:56.36306Z,0.47,28,no,be82f566-f5ad-49ed-cd79-71fd7a892b95
KXNCAAFSPREAD-25NOV08INDPSU-IND14,2025-11-08T16:00:56.36306Z,0.46,13,no,30b62410-1d10-4604-c322-8787fd8198f7
KXNCAAFSPREAD-25NOV08INDPSU-IND14,2025-11-08T16:00:47.126285Z,0.48,15,yes,e634f40a-c668-69f1-9a00-512c5a7cc067
KXNCAAFSPREAD-25NOV08INDPSU-IND14,2025-11-08T16:00:47.126285Z,0.48,25,yes,d7763b5b-6a3f-6eff-be3f-b1ec8af92d86
KXNCAAFSPREAD-25NOV08INDPSU-IND14,2025-11-08T15:58:57.22498Z,0.47,45,no,beb1ad33-da5d-76bb-f882-48b56eb0d416
KXNCAAFSPREAD-25NOV08INDPSU-IND14,2025-11-08T15:58:27.730461Z,0.47,679,no,2bae2b93-5839-6e27-55e7-9a966f84951a
KXNCAAFSPREAD-25NOV08INDPSU-IND14,2025-11-08T15:56:35.66009Z,0.48,50,yes,273c6e91-8a84-6009-387d-bcfb6b1f9741
KXNCAAFSPREAD-25NOV08INDPSU-IND14,2025-11-08T15:56:16.395893Z,0.47,25,no,cbb0a3ad-5e34-644c-8c8c-2a06c52c0297
KXNCAAFSPREAD-25NOV08INDPSU-IND14,2025-11-08T15:56:16.395893Z,0.47,66,no,50ccd4b3-64d1-6c3f-8360-589b37148652
KXNCAAFSPREAD-25NOV08INDPSU-IND14,2025-11-08T15:52:57.765087Z,0.47,18,no,75b0e6ac-7466-4dc0-b46b-12ee52568826
KXNCAAFSPREAD-25NOV08INDPSU-IND14,2025-11-08T15:51:36.616745Z,0.49,98,yes,6910a03b-a4ce-55a0-aff4-5d3d14994146
KXNCAAFSPREAD-25NOV08INDPSU-IND14,2025-11-08T15:50:44.838951Z,0.47,366,no,8bef66b3-7036-44e0-f458-c728a47897be
KXNCAAFSPREAD-25NOV08INDPSU-IND14,2025-11-08T15:49:36.204853Z,0.47,9,no,6350aedf-9d62-75c4-0b0e-d218613201d2
KXNCAAFSPREAD-25NOV08INDPSU-IND14,2025-11-08T15:47:07.812705Z,0.49,72,yes,7f426fbf-68c6-492c-d243-e7b90930c9e2
KXNCAAFSPREAD-25NOV08INDPSU-IND14,2025-11-08T15:47:00.637364Z,0.48,20,yes,9e4f712d-9a1f-72ba-7162-a9fe006cd88b
KXNCAAFSPREAD-25NOV08INDPSU-IND14,2025-11-08T15:46:16.654732Z,0.46,8941,no,fe429f3f-3084-4030-87c9-91ba9e235663
KXNCAAFSPREAD-25NOV08INDPSU-IND14,2025-11-08T15:46:16.654732Z,0.47,222,no,ecd37fe1-f4d9-40d4-9fd4-c79c69037b38
KXNCAAFSPREAD-25NOV08INDPSU-IND14,2025-11-08T15:46:16.654732Z,0.47,25,no,73316974-f109-4a41-93d5-47d9c6cc853a
KXNCAAFSPREAD-25NOV08INDPSU-IND14,2025-11-08T15:46:16.654732Z,0.48,3500,no,4d25d114-dbd1-485b-be92-a3c129248ec6
KXNCAAFSPREAD-25NOV08INDPSU-IND14,2025-11-08T15:45:17.682801Z,0.49,47,yes,f9b7c208-0f9e-7040-3389-a2f7c900c156
KXNCAAFSPREAD-25NOV08INDPSU-IND14,2025-11-08T15:44:56.329528Z,0.48,186,no,2678e47f-175f-7d1e-0c4b-29cf63393b9a
KXNCAAFSPREAD-25NOV08INDPSU-IND14,2025-11-08T15:44:00.118181Z,0.49,29,yes,9605e2e7-514a-4464-cb85-c9c500b50a4a
KXNCAAFSPREAD-25NOV08INDPSU-IND14,2025-11-08T15:42:31.055336Z,0.48,3,no,2d2a4db8-d7e7-6672-6b56-fec31e1b3dde
KXNCAAFSPREAD-25NOV08INDPSU-IND14,2025-11-08T15:42:29.208941Z,0.49,19,yes,3fbbe556-409a-4418-684b-2a7dbefda802
KXNCAAFSPREAD-25NOV08INDPSU-IND14,2025-11-08T15:42:04.492253Z,0.48,37,no,d60dd1aa-7307-7e62-8035-bc0008a8acda
KXNCAAFSPREAD-25NOV08INDPSU-IND14,2025-11-08T15:39:20.44112Z,0.48,181,yes,df5620a5-80bb-6987-ef67-730c93047e4f
KXNCAAFSPREAD-25NOV08INDPSU-IND14,2025-11-08T15:39:20.44112Z,0.49,231,yes,be175cd4-ec9a-6410-cdc7-3c89cf7da342
KXNCAAFSPREAD-25NOV08INDPSU-IND14,2025-11-08T15:39:20.44112Z,0.48,25,yes,5467a6c5-9e87-6ca9-e2c6-3eb8896391d6
KXNCAAFSPREAD-25NOV08INDPSU-IND14,2025-11-08T15:37:02.992251Z,0.46,10,no,c82acef3-5278-6070-34bc-000c2bd39557
KXNCAAFSPREAD-25NOV08INDPSU-IND14,2025-11-08T15:36:09.351952Z,0.46,179,no,ebd0b019-6ef8-4cd0-69d4-84cce70746d7
KXNCAAFSPREAD-25NOV08INDPSU-IND14,2025-11-08T15:35:03.529262Z,0.46,35,no,87dfc040-21a8-716c-8f92-4e2a68b80d3f
KXNCAAFSPREAD-25NOV08INDPSU-IND14,2025-11-08T15:34:50.850225Z,0.46,743,no,caaaa3cd-12fc-4a7c-2863-55e4fa8e1107
KXNCAAFSPREAD-25NOV08INDPSU-IND14,2025-11-08T15:34:50.850225Z,0.47,25,no,60c2cad2-d46a-4b82-2488-5a49561c068a
KXNCAAFSPREAD-25NOV08INDPSU-IND14,2025-11-08T15:34:50.850225Z,0.47,131,no,44211d81-5ddb-4bb3-2d90-0853fe7c2332
KXNCAAFSPREAD-25NOV08INDPSU-IND14,2025-11-08T15:34:19.971793Z,0.49,13,yes,1f5fb29a-77da-5460-292e-df5def68bf82
KXNCAAFSPREAD-25NOV08INDPSU-IND14,2025-11-08T15:34:00.923606Z,0.49,14,yes,399546af-e202-691c-de3f-a0dfb7b66852
KXNCAAFSPREAD-25NOV08INDPSU-IND14,2025-11-08T15:34:00.923606Z,0.48,25,yes,138fd8f9-babc-6b74-efd2-cc67caf0f1e7
KXNCAAFSPREAD-25NOV08INDPSU-IND14,2025-11-08T15:33:59.988101Z,0.47,21,no,1fff4769-5fed-67a0-6540-869db362ecff
KXNCAAFSPREAD-25NOV08INDPSU-IND14,2025-11-08T15:32:08.051397Z,0.48,24,yes,d17cfcb2-5773-69a3-8c78-494e2630cb56
KXNCAAFSPREAD-25NOV08INDPSU-IND14,2025-11-08T15:32:08.051397Z,0.49,6,yes,50eb23dd-ea22-6718-9bff-422f8655860e
KXNCAAFSPREAD-25NOV08INDPSU-IND14,2025-11-08T15:30:43.109728Z,0.48,1,yes,7ba771b9-753b-5f43-3e51-d2f85ea3ae9e
KXNCAAFSPREAD-25NOV08INDPSU-IND14,2025-11-08T15:30:32.396811Z,0.47,25,no,e8daf941-2fa6-4592-6a07-2e86d5549f2d
KXNCAAFSPREAD-25NOV08INDPSU-IND14,2025-11-08T15:30:32.396811Z,0.46,65,no,d131d9e0-ec94-418c-6844-d9e89008edff
KXNCAAFSPREAD-25NOV08INDPSU-IND14,2025-11-08T15:30:11.334152Z,0.49,1970,yes,d734ee15-cb86-4424-8355-87d729ed4016
KXNCAAFSPREAD-25NOV08INDPSU-IND14,2025-11-08T15:29:38.315778Z,0.48,25,yes,70d1d6f6-8437-58bf-56e5-2c436802aea2
KXNCAAFSPREAD-25NOV08INDPSU-IND14,2025-11-08T15:29:38.315778Z,0.49,40,yes,521545d7-b05a-5960-4163-e4d5a7b93bd6
KXNCAAFSPREAD-25NOV08INDPSU-IND14,2025-11-08T15:29:19.207549Z,0.46,154,no,7cb82076-d520-54d0-7a4c-cce2d2830f4f
KXNCAAFSPREAD-25NOV08INDPSU-IND14,2025-11-08T15:29:19.207549Z,0.47,25,no,1bcc32e6-dda0-56c0-59d5-82fede8cafaa
KXNCAAFSPREAD-25NOV08INDPSU-IND14,2025-11-08T15:28:51.333903Z,0.49,49,yes,8045883a-5102-4af0-ce93-c1e2c3a2539a
KXNCAAFSPREAD-25NOV08INDPSU-IND14,2025-11-08T15:27:45.231851Z,0.47,54,yes,cc0145bb-5ebe-6c4a-0d8a-21bf2b9f68d3
KXNCAAFSPREAD-25NOV08INDPSU-IND14,2025-11-08T15:27:45.231851Z,0.47,25,yes,27f2289b-023e-65d1-3765-327fc444ed8d
KXNCAAFSPREAD-25NOV08INDPSU-IND14,2025-11-08T15:27:45.231851Z,0.49,22,yes,20035c06-0d16-6a0c-1d89-4aafad9b0f2e
KXNCAAFSPREAD-25NOV08INDPSU-IND14,2025-11-08T15:27:36.687594Z,0.46,10,no,d999dadd-83d8-61ac-8c0d-ab219a363acb
KXNCAAFSPREAD-25NOV08INDPSU-IND14,2025-11-08T15:27:15.382519Z,0.47,23,no,d0981641-79e6-6cab-de86-c6cf1f3d5782
KXNCAAFSPREAD-25NOV08INDPSU-IND14,2025-11-08T15:25:43.911062Z,0.49,9,yes,eaa26379-940a-4c38-dcaf-b9db892175da
KXNCAAFSPREAD-25NOV08INDPSU-IND14,2025-11-08T15:24:35.851575Z,0.48,201,yes,44e146c4-0e9b-547b-c833-c53ec67f3293
KXNCAAFSPREAD-25NOV08INDPSU-IND14,2025-11-08T15:24:14.33098Z,0.48,110,yes,48d86d1b-d923-4297-3239-13653767b6b3
KXNCAAFSPREAD-25NOV08INDPSU-IND14,2025-11-08T15:23:15.293244Z,0.48,40,yes,8edb8f3c-42a7-4d37-8ef6-90392419c25b
KXNCAAFSPREAD-25NOV08INDPSU-IND14,2025-11-08T15:22:42.416344Z,0.46,107,no,6eab52be-3034-4ae4-0d91-52f689e27fe7
KXNCAAFSPREAD-25NOV08INDPSU-IND14,2025-11-08T15:22:42.416344Z,0.47,25,no,65ec60ab-682e-4309-169f-daac4583853d
KXNCAAFSPREAD-25NOV08INDPSU-IND14,2025-11-08T15:22:42.416344Z,0.47,5,no,33e74918-907f-4c5d-36c3-021ff7a775f8
KXNCAAFSPREAD-25NOV08INDPSU-IND14,2025-11-08T15:22:42.416344Z,0.47,87,no,2d7ad1f6-09d1-44da-10f9-fc1e7e5bdfe9
KXNCAAFSPREAD-25NOV08INDPSU-IND14,2025-11-08T15:22:25.534567Z,0.48,20,yes,5f54e050-41bb-41db-c2f8-73e2b6799543
KXNCAAFSPREAD-25NOV08INDPSU-IND14,2025-11-08T15:20:58.261399Z,0.48,40,yes,916676ad-e003-5e8f-080b-dfaa3e41675b
KXNCAAFSPREAD-25NOV08INDPSU-IND14,2025-11-08T15:20:24.684187Z,0.47,27,no,a532f615-5e11-4fe2-99c3-a729671487ad
KXNCAAFSPREAD-25NOV08INDPSU-IND14,2025-11-08T15:17:53.570853Z,0.49,49,yes,f119468d-970a-7318-f15c-2d6d68d0e4be
KXNCAAFSPREAD-25NOV08INDPSU-IND14,2025-11-08T15:17:49.600399Z,0.48,5,yes,ce8c286d-63bb-6b91-20c6-707c21880786
KXNCAAFSPREAD-25NOV08INDPSU-IND14,2025-11-08T15:17:49.600399Z,0.49,14,yes,bf943a01-8552-663c-3912-5e5099681b02
KXNCAAFSPREAD-25NOV08INDPSU-IND14,2025-11-08T15:13:49.76095Z,0.49,61,yes,646a9df3-03a6-71e0-1cca-525f0cbf6c9e
KXNCAAFSPREAD-25NOV08INDPSU-IND14,2025-11-08T15:10:36.282416Z,0.47,20,no,c6b4420e-e505-780e-f93a-0e7048c526a9
KXNCAAFSPREAD-25NOV08INDPSU-IND14,2025-11-08T15:07:56.565253Z,0.48,44,yes,2524a4e1-1592-61aa-a753-349e50371db8
KXNCAAFSPREAD-25NOV08INDPSU-IND14,2025-11-08T15:07:56.565253Z,0.49,449,yes,23b958aa-c842-6d20-a241-efdf5cd8c716
KXNCAAFSPREAD-25NOV08INDPSU-IND14,2025-11-08T15:05:32.69556Z,0.49,9,yes,fa61afbc-ebce-6754-d98f-8c70d7b1cd06
KXNCAAFSPREAD-25NOV08INDPSU-IND14,2025-11-08T15:05:21.621314Z,0.49,4,yes,9f227012-75c2-5198-261d-6596f5041df6
KXNCAAFSPREAD-25NOV08INDPSU-IND14,2025-11-08T15:03:32.683605Z,0.47,200,no,e3130cdc-bee9-4eae-ed82-494b6aac5c5d
KXNCAAFSPREAD-25NOV08INDPSU-IND14,2025-11-08T15:01:51.555076Z,0.49,9,yes,c1af9a8e-87ba-62d0-a565-7794eccfc432
KXNCAAFSPREAD-25NOV08INDPSU-IND14,2025-11-08T15:01:07.642773Z,0.47,289,no,93381ab8-1bf5-6382-4e15-e7aee7f9e145
KXNCAAFSPREAD-25NOV08INDPSU-IND14,2025-11-08T14:59:17.684244Z,0.49,39,yes,dcdbf774-720a-629c-e8c3-95bd99b27cba
KXNCAAFSPREAD-25NOV08INDPSU-IND14,2025-11-08T14:58:33.209749Z,0.49,98,yes,a72707d6-bcee-6024-aba1-490e13f854f6
KXNCAAFSPREAD-25NOV08INDPSU-IND14,2025-11-08T14:57:38.296113Z,0.49,39,yes,c96b0f46-0be6-648c-4c51-8dfd9e75eb4e
KXNCAAFSPREAD-25NOV08INDPSU-IND14,2025-11-08T14:57:18.10254Z,0.47,1,no,7cf3a2de-6ff5-58ea-4dac-d2652fb82145
KXNCAAFSPREAD-25NOV08INDPSU-IND14,2025-11-08T14:56:10.373547Z,0.48,5,yes,eb8cf9ef-d035-7f96-7bd5-e7eb25238c9d
KXNCAAFSPREAD-25NOV08INDPSU-IND14,2025-11-08T14:56:10.373547Z,0.49,293,yes,2c70230d-cbee-7d54-435d-773cc2afe60e
KXNCAAFSPREAD-25NOV08INDPSU-IND14,2025-11-08T14:56:10.373547Z,0.48,500,yes,16030868-1246-73de-6557-4ffb383d6852
KXNCAAFSPREAD-25NOV08INDPSU-IND14,2025-11-08T14:55:44.85229Z,0.47,91,no,71aa4058-7a85-74f6-26c0-b861cacbb829
KXNCAAFSPREAD-25NOV08INDPSU-IND14,2025-11-08T14:54:57.534411Z,0.47,91,no,c5cf3f2c-8a69-79f6-b585-e7893a7820fd
KXNCAAFSPREAD-25NOV08INDPSU-IND14,2025-11-08T14:52:08.70879Z,0.48,50,yes,592dfd36-81e9-6662-805e-5f243af55951
KXNCAAFSPREAD-25NOV08INDPSU-IND14,2025-11-08T14:49:15.262172Z,0.48,10,yes,447f8b04-da53-6a1f-0c05-9cd4bcdb034b
KXNCAAFSPREAD-25NOV08INDPSU-IND14,2025-11-08T14:48:30.813889Z,0.48,201,yes,423b102b-de0f-7ceb-f0bd-0ea580f15fb7
KXNCAAFSPREAD-25NOV08INDPSU-IND14,2025-11-08T14:48:18.300052Z,0.48,20,yes,9ff94b76-911b-4397-8f25-719fcd9475f7
KXNCAAFSPREAD-25NOV08INDPSU-IND14,2025-11-08T14:48:16.028004Z,0.47,365,no,fed4cfdb-e721-73a6-2efc-99391a8a49d1
KXNCAAFSPREAD-25NOV08INDPSU-IND14,2025-11-08T14:48:05.548482Z,0.47,18,no,744d4a6d-3721-5bfe-3aa1-9542b2c0ec3d
KXNCAAFSPREAD-25NOV08INDPSU-IND14,2025-11-08T14:46:52.024548Z,0.48,20,yes,e7e23cd3-c887-5cb7-13e8-6a5b1a3997af
KXNCAAFSPREAD-25NOV08INDPSU-IND14,2025-11-08T14:46:28.369435Z,0.47,1200,no,e9d00277-ec79-56f6-d491-7bbe61d192fd
KXNCAAFSPREAD-25NOV08INDPSU-IND14,2025-11-08T14:46:27.038856Z,0.48,30,yes,d67a6af3-12ef-771b-414c-8a919ea0084f
KXNCAAFSPREAD-25NOV08INDPSU-IND14,2025-11-08T14:46:17.528859Z,0.48,20,yes,67a841b7-e14b-4a67-2c12-e457cbfbc68f
KXNCAAFSPREAD-25NOV08INDPSU-IND14,2025-11-08T14:44:06.743569Z,0.48,11,yes,d10d529e-a34b-42a3-088c-4183022ec4a7
KXNCAAFSPREAD-25NOV08INDPSU-IND14,2025-11-08T14:41:39.781856Z,0.48,120,yes,01400c3a-7d4b-4e83-d9f1-1158e17584e3
KXNCAAFSPREAD-25NOV08INDPSU-IND14,2025-11-08T14:40:14.37805Z,0.48,50,yes,8139d72c-a5cf-5b7b-13af-12d874ff057b
KXNCAAFSPREAD-25NOV08INDPSU-IND14,2025-11-08T14:38:47.722741Z,0.48,1005,yes,6e1547bb-207b-7d47-d8ad-7f26d990d1cf
KXNCAAFSPREAD-25NOV08INDPSU-IND14,2025-11-08T14:37:28.996731Z,0.48,627,yes,7752f11b-451b-6b67-1aa6-7eb1e7c4c083
KXNCAAFSPREAD-25NOV08INDPSU-IND14,2025-11-08T14:36:22.914558Z,0.48,10,yes,734220a2-a9ff-497f-a9fc-4526f8919c07
KXNCAAFSPREAD-25NOV08INDPSU-IND14,2025-11-08T14:34:28.881523Z,0.47,27,no,785ca436-93c9-7dc6-9b82-cf133354c97d
KXNCAAFSPREAD-25NOV08INDPSU-IND14,2025-11-08T14:34:13.189233Z,0.47,20,no,5f4ccb1a-6f81-5bd6-2852-c47c7aa04b25
KXNCAAFSPREAD-25NOV08INDPSU-IND14,2025-11-08T14:33:51.450222Z,0.47,49,no,ec310db5-9e3d-7da2-d609-af114e0a5625
KXNCAAFSPREAD-25NOV08INDPSU-IND14,2025-11-08T14:31:32.359176Z,0.48,10,yes,77fe9913-13eb-4203-e8cc-e816f934b337
KXNCAAFSPREAD-25NOV08INDPSU-IND14,2025-11-08T14:29:07.442488Z,0.47,40,no,b063e7b4-0e25-79b6-21ec-ab4b2cbd9bad
KXNCAAFSPREAD-25NOV08INDPSU-IND14,2025-11-08T14:27:51.310099Z,0.47,3,no,ed60523d-33e9-7ab2-ff04-f1819db22219
KXNCAAFSPREAD-25NOV08INDPSU-IND14,2025-11-08T14:27:51.274814Z,0.48,100,yes,960ab07a-14af-6da3-49f2-7ddc35deded3
KXNCAAFSPREAD-25NOV08INDPSU-IND14,2025-11-08T14:26:04.130626Z,0.47,456,no,6ce2be3c-c4e1-7536-4fda-7221aafab855
KXNCAAFSPREAD-25NOV08INDPSU-IND14,2025-11-08T14:26:01.202034Z,0.48,50,yes,3e630d5c-ffd3-6afb-1198-1cbd6eee0627
KXNCAAFSPREAD-25NOV08INDPSU-IND14,2025-11-08T14:25:29.824495Z,0.48,27,yes,c7e72862-d887-5c67-db33-01a703434817
KXNCAAFSPREAD-25NOV08INDPSU-IND14,2025-11-08T14:25:16.014542Z,0.48,6,yes,574624d7-6757-7d33-d9b4-a238fb6bd08f
KXNCAAFSPREAD-25NOV08INDPSU-IND14,2025-11-08T14:25:15.875148Z,0.48,5,yes,8ec87650-de43-4767-ad55-c1cdead5784f
KXNCAAFSPREAD-25NOV08INDPSU-IND14,2025-11-08T14:25:01.338767Z,0.48,110,yes,e0c0d9a4-499b-561b-84b6-317e9e648437
KXNCAAFSPREAD-25NOV08INDPSU-IND14,2025-11-08T14:23:38.336067Z,0.47,27,no,e8c4ef0b-cfa5-7b2e-6d43-76602fb2c3b1
KXNCAAFSPREAD-25NOV08INDPSU-IND14,2025-11-08T14:23:20.504239Z,0.48,40,yes,31afe05d-e507-68e3-7feb-dd3783f948d3
KXNCAAFSPREAD-25NOV08INDPSU-IND14,2025-11-08T14:22:52.447128Z,0.48,20,yes,1a5ec7b6-5833-5df3-2400-d98781d8ffab
KXNCAAFSPREAD-25NOV08INDPSU-IND14,2025-11-08T14:22:08.602882Z,0.48,36,yes,6284c360-b433-568b-002f-66a528757447
KXNCAAFSPREAD-25NOV08INDPSU-IND14,2025-11-08T14:21:46.02744Z,0.47,9,no,5ad4772c-03bd-6e92-f352-c15a553ec6dd
KXNCAAFSPREAD-25NOV08INDPSU-IND14,2025-11-08T14:17:04.774168Z,0.48,201,yes,cd5e5e6a-13c7-6bbf-6c53-30707128f2c3
KXNCAAFSPREAD-25NOV08INDPSU-IND14,2025-11-08T14:16:46.006323Z,0.48,20,yes,1ff3c678-e413-40d3-01a6-387d8dbd8977
KXNCAAFSPREAD-25NOV08INDPSU-IND14,2025-11-08T14:10:23.079862Z,0.47,111,no,70987cb5-7f6d-694e-ac30-1ee2b2e778fd
KXNCAAFSPREAD-25NOV08INDPSU-IND14,2025-11-08T14:09:58.862528Z,0.48,20,yes,8651dcc8-29ef-5eb7-060b-535fa1d3197f
KXNCAAFSPREAD-25NOV08INDPSU-IND14,2025-11-08T14:07:27.267793Z,0.48,177,yes,bbf3f3a0-d4ac-50bf-5871-205fe7c93aa3
KXNCAAFSPREAD-25NOV08INDPSU-IND14,2025-11-08T14:07:27.267793Z,0.48,24,yes,6bc78cd7-fab3-59ab-7eea-23a3aa4f9433
KXNCAAFSPREAD-25NOV08INDPSU-IND14,2025-11-08T14:05:58.183112Z,0.48,40,yes,c8ac248e-463c-77c3-470e-6e08a938a88b
KXNCAAFSPREAD-25NOV08INDPSU-IND14,2025-11-08T14:04:18.494266Z,0.48,4,yes,003ff513-522c-758f-d660-19d4946b916f
KXNCAAFSPREAD-25NOV08INDPSU-IND14,2025-11-08T14:01:02.525523Z,0.48,5,yes,82ca4298-5f34-7b9b-47ee-4ff242a0dd2f
KXNCAAFSPREAD-25NOV08INDPSU-IND14,2025-11-08T13:58:24.914177Z,0.47,182,no,db4d4875-df85-4482-ebc3-6386b936c49d
KXNCAAFSPREAD-25NOV08INDPSU-IND14,2025-11-08T13:54:27.762238Z,0.48,20,yes,4aeff060-08a0-5633-f052-ec76350e2b9f
KXNCAAFSPREAD-25NOV08INDPSU-IND14,2025-11-08T13:53:49.08017Z,0.48,2,yes,8ccb6d44-96cc-7a83-3551-ed05eed06233
KXNCAAFSPREAD-25NOV08INDPSU-IND14,2025-11-08T13:51:55.058796Z,0.47,36,no,c914cb61-9281-6252-7c76-108f81dbb085
KXNCAAFSPREAD-25NOV08INDPSU-IND14,2025-11-08T13:50:58.372327Z,0.47,1452,no,67470c47-5c18-722d-4385-243c5c6f9fa9
KXNCAAFSPREAD-25NOV08INDPSU-IND14,2025-11-08T13:50:58.372327Z,0.47,1651,no,5bf65f49-69a1-7e92-6dd5-d32ede84f639
KXNCAAFSPREAD-25NOV08INDPSU-IND14,2025-11-08T13:47:28.263903Z,0.48,20,yes,a8ecb79f-acfc-68f7-8463-3071f49438c3
KXNCAAFSPREAD-25NOV08INDPSU-IND14,2025-11-08T13:47:22.882432Z,0.48,168,yes,00446b94-45b8-77af-b986-d34fb2072993
KXNCAAFSPREAD-25NOV08INDPSU-IND14,2025-11-08T13:46:44.145365Z,0.48,123,yes,65514d9c-d13c-5267-5274-1b106e009ce3
KXNCAAFSPREAD-25NOV08INDPSU-IND14,2025-11-08T13:46:15.820991Z,0.48,100,yes,cb9686c7-d324-701c-59b5-7cac06b737fa
KXNCAAFSPREAD-25NOV08INDPSU-IND14,2025-11-08T13:46:15.820991Z,0.48,402,yes,249f9610-b5f8-7b1f-6e2d-8294850b1a6b
KXNCAAFSPREAD-25NOV08INDPSU-IND14,2025-11-08T13:46:15.820991Z,0.48,302,yes,155ec6cd-f24e-75f4-6958-1dd7baa98afc
KXNCAAFSPREAD-25NOV08INDPSU-IND14,2025-11-08T13:43:54.205601Z,0.48,50,yes,d6af25a3-6f9e-62b0-1aa3-77ca4e1a2918
KXNCAAFSPREAD-25NOV08INDPSU-IND14,2025-11-08T13:39:28.832323Z,0.48,100,yes,1fc77dbb-5dfa-5c30-acc5-bffedb7037ec
KXNCAAFSPREAD-25NOV08INDPSU-IND14,2025-11-08T13:39:04.358926Z,0.47,9,no,f16f3710-9c28-47d1-fcc0-5769a6abc4ad
KXNCAAFSPREAD-25NOV08INDPSU-IND14,2025-11-08T13:38:24.535491Z,0.48,100,yes,c459463b-25da-4be8-a8ca-bf420cfc750c
KXNCAAFSPREAD-25NOV08INDPSU-IND14,2025-11-08T13:37:49.131502Z,0.47,16,no,7a53b701-acfc-5c99-bb73-964a213f8e25
KXNCAAFSPREAD-25NOV08INDPSU-IND14,2025-11-08T13:37:03.032513Z,0.48,20,yes,a0579df9-4762-493c-d5ad-b5aa72efd150
KXNCAAFSPREAD-25NOV08INDPSU-IND14,2025-11-08T13:35:46.601398Z,0.47,9,no,9a5b1fff-5494-6ac9-daa3-2c2eb0ae8235
KXNCAAFSPREAD-25NOV08INDPSU-IND14,2025-11-08T13:34:34.040855Z,0.48,50,yes,28b20cf9-dc16-4518-520b-f0515b7d7930
KXNCAAFSPREAD-25NOV08INDPSU-IND14,2025-11-08T13:33:58.435249Z,0.48,151,yes,cd9e1856-696a-4344-39a0-aae8dc6481c8
KXNCAAFSPREAD-25NOV08INDPSU-IND14,2025-11-08T13:27:32.637465Z,0.48,20,yes,17320d29-ebb6-7a28-3b3a-b476a1106338
KXNCAAFSPREAD-25NOV08INDPSU-IND14,2025-11-08T13:24:27.045865Z,0.48,60,yes,125400e5-b45e-54b4-ddc8-192c921d6030
KXNCAAFSPREAD-25NOV08INDPSU-IND14,2025-11-08T13:23:13.502112Z,0.48,10,yes,4d49c7e0-436a-65dc-648a-6a9970573d68
KXNCAAFSPREAD-25NOV08INDPSU-IND14,2025-11-08T13:12:33.329489Z,0.48,19,yes,38e824bd-09e2-7adc-9a3f-5661dc3d068c
KXNCAAFSPREAD-25NOV08INDPSU-IND14,2025-11-08T13:12:25.339766Z,0.48,6,yes,d7924935-7efe-5024-b0ed-1cae7ad8520c
KXNCAAFSPREAD-25NOV08INDPSU-IND14,2025-11-08T13:11:16.584045Z,0.48,60,yes,ad4214f7-dd0a-7498-2373-6646231888e8
KXNCAAFSPREAD-25NOV08INDPSU-IND14,2025-11-08T13:10:03.882881Z,0.47,14,no,1cbe2239-fc6c-569d-696b-82274904b9a1
KXNCAAFSPREAD-25NOV08INDPSU-IND14,2025-11-08T13:09:39.344351Z,0.48,195,yes,7df392d3-204e-4304-1cee-b778436f32a8
KXNCAAFSPREAD-25NOV08INDPSU-IND14,2025-11-08T13:04:50.095046Z,0.48,10,yes,470ca17a-5f3e-5720-2efa-651045c2b440
KXNCAAFSPREAD-25NOV08INDPSU-IND14,2025-11-08T12:57:08.819869Z,0.48,4,yes,963d7090-fb02-54ac-b824-0ac8231d50b0
KXNCAAFSPREAD-25NOV08INDPSU-IND14,2025-11-08T12:56:42.832407Z,0.48,78,yes,781a9fbb-063e-6c8c-ed2a-d7bee0e238ac
KXNCAAFSPREAD-25NOV08INDPSU-IND14,2025-11-08T12:55:21.308673Z,0.48,30,yes,f566bf4f-0b82-708c-89c9-af3ed33a183c
KXNCAAFSPREAD-25NOV08INDPSU-IND14,2025-11-08T12:52:07.595429Z,0.48,100,yes,4cd99d99-e2f6-4850-c5ae-97b2fdea5f30
KXNCAAFSPREAD-25NOV08INDPSU-IND14,2025-11-08T12:50:43.311813Z,0.48,35,yes,41aa7e33-1b06-5770-ba6e-dc1a58f34b68
KXNCAAFSPREAD-25NOV08INDPSU-IND14,2025-11-08T12:47:22.360073Z,0.48,100,yes,4be57c63-4322-6a98-a340-03564f8d60b0
KXNCAAFSPREAD-25NOV08INDPSU-IND14,2025-11-08T12:46:04.282245Z,0.48,25,yes,761b7f0d-0b8a-7eed-b134-e265f68fba18
KXNCAAFSPREAD-25NOV08INDPSU-IND14,2025-11-08T12:46:04.282245Z,0.49,228,yes,11a02970-df92-7a30-832e-b6cf3b1b5cbe
KXNCAAFSPREAD-25NOV08INDPSU-IND14,2025-11-08T12:43:48.801888Z,0.47,25,no,e2063ebf-10c1-7d55-a9ea-411d9eb05b85
KXNCAAFSPREAD-25NOV08INDPSU-IND14,2025-11-08T12:43:48.801888Z,0.46,47,no,2f80ac01-64e0-7f9c-aeb1-6c961c51c76f
KXNCAAFSPREAD-25NOV08INDPSU-IND14,2025-11-08T12:43:08.995597Z,0.48,10,yes,87e60fac-9c28-4ab6-5364-8a0dc216f93e
KXNCAAFSPREAD-25NOV08INDPSU-IND14,2025-11-08T12:40:51.202517Z,0.48,6,yes,397d4f7d-fed8-7aae-7190-3e7f1e479112
KXNCAAFSPREAD-25NOV08INDPSU-IND14,2025-11-08T12:37:54.659385Z,0.46,8,no,7c0878e9-ed88-4c58-6302-1296f057aff3
KXNCAAFSPREAD-25NOV08INDPSU-IND14,2025-11-08T12:31:35.876326Z,0.47,10,no,bd78f63e-d98f-57f7-1241-8bb96e26fb08
KXNCAAFSPREAD-25NOV08INDPSU-IND14,2025-11-08T12:21:36.921408Z,0.49,39,yes,d76d5f14-bc9a-79c4-a253-31b15315992e
KXNCAAFSPREAD-25NOV08INDPSU-IND14,2025-11-08T12:02:36.195325Z,0.48,20,yes,b7b37f00-8cc6-5b56-b67c-39af926087e9
KXNCAAFSPREAD-25NOV08INDPSU-IND14,2025-11-08T11:50:02.314407Z,0.47,25,no,8bc7495b-d6ea-4d9c-b600-9a86f3de0d6b
KXNCAAFSPREAD-25NOV08INDPSU-IND14,2025-11-08T11:50:02.314407Z,0.46,25,no,6bc3e969-1330-4af8-a3ad-56c794caf39b
KXNCAAFSPREAD-25NOV08INDPSU-IND14,2025-11-08T11:40:03.507919Z,0.49,189,yes,a7090ef1-4486-5754-36a4-e311b359aa4a
KXNCAAFSPREAD-25NOV08INDPSU-IND14,2025-11-08T11:38:25.467304Z,0.48,25,yes,2f42e546-e997-7710-13b4-7408f88f2de8
KXNCAAFSPREAD-25NOV08INDPSU-IND14,2025-11-08T11:38:25.467304Z,0.48,15,yes,1a02b9b0-8882-7a1f-3e51-742cfc1de3b0
KXNCAAFSPREAD-25NOV08INDPSU-IND14,2025-11-08T11:32:36.555896Z,0.46,242,no,ba7899b7-4470-7074-5f92-2d614fe7a153
KXNCAAFSPREAD-25NOV08INDPSU-IND14,2025-11-08T10:50:23.728008Z,0.46,58,no,cf5a80b3-6e60-5704-1900-221fc248bb6f
KXNCAAFSPREAD-25NOV08INDPSU-IND14,2025-11-08T10:48:10.85372Z,0.48,10,yes,c68eca5b-baf2-6203-8065-127d0e848f24
KXNCAAFSPREAD-25NOV08INDPSU-IND14,2025-11-08T10:42:22.796212Z,0.46,89,no,d209e018-31ec-5280-a766-eb11a7c9cebf
KXNCAAFSPREAD-25NOV08INDPSU-IND14,2025-11-08T10:25:23.768228Z,0.46,21,no,29c51a78-5db8-758c-8426-94f5f0e7ba0f
KXNCAAFSPREAD-25NOV08INDPSU-IND14,2025-11-08T10:24:54.218152Z,0.46,20,no,36c7f076-a214-6a34-eda0-56af4715768f
KXNCAAFSPREAD-25NOV08INDPSU-IND14,2025-11-08T10:24:54.218152Z,0.47,25,no,1035ab4a-141c-6c02-e118-013e0fc9609c
KXNCAAFSPREAD-25NOV08INDPSU-IND14,2025-11-08T10:09:09.171168Z,0.49,4,yes,dfe3096b-b116-5884-4db3-4ddb34e1e2f2
KXNCAAFSPREAD-25NOV08INDPSU-IND14,2025-11-08T10:07:34.445984Z,0.49,157,yes,9f98ea75-f526-6c30-ab58-1cd0b484a23a
KXNCAAFSPREAD-25NOV08INDPSU-IND14,2025-11-08T10:05:49.174928Z,0.48,23,yes,b802f829-9faa-4860-bf2c-54279300f478
KXNCAAFSPREAD-25NOV08INDPSU-IND14,2025-11-08T10:05:49.174928Z,0.48,30,yes,0e194236-642d-4298-8f0e-60345bf4b431
KXNCAAFSPREAD-25NOV08INDPSU-IND14,2025-11-08T09:50:45.519673Z,0.48,2,yes,bd10b1f7-62b2-6700-78de-0467189276a4
KXNCAAFSPREAD-25NOV08INDPSU-IND14,2025-11-08T09:46:08.00091Z,0.47,25,no,ffa498f1-ef3e-5495-9997-1eae297757b0
KXNCAAFSPREAD-25NOV08INDPSU-IND14,2025-11-08T09:46:08.00091Z,0.46,25,no,80f9bf2a-08a0-58d4-8b95-d99cdd3a05c7
KXNCAAFSPREAD-25NOV08INDPSU-IND14,2025-11-08T09:36:02.985524Z,0.48,25,yes,be5e3650-28c2-46d9-8f99-f28505f37835
KXNCAAFSPREAD-25NOV08INDPSU-IND14,2025-11-08T09:36:02.985524Z,0.48,11,yes,afb062ce-6ca0-4e4a-b6c9-f4e082de8590
KXNCAAFSPREAD-25NOV08INDPSU-IND14,2025-11-08T09:36:02.985524Z,0.48,350,yes,a4cd4530-f1ea-4341-812e-24ed32008749
KXNCAAFSPREAD-25NOV08INDPSU-IND14,2025-11-08T09:36:02.985524Z,0.48,350,yes,5c73dc75-4801-4b4b-be69-951a80fa3581
KXNCAAFSPREAD-25NOV08INDPSU-IND14,2025-11-08T09:36:02.985524Z,0.49,2443,yes,517fb804-c1ee-44c4-a72c-a17ffd7ba506
KXNCAAFSPREAD-25NOV08INDPSU-IND14,2025-11-08T09:36:02.985524Z,0.48,253,yes,1754a99a-c4fe-4a1b-a12b-217f586a436f
KXNCAAFSPREAD-25NOV08INDPSU-IND14,2025-11-08T09:35:07.894456Z,0.46,53,no,2ebd1f10-2268-7e84-9bf3-55bf1a5da5ff
KXNCAAFSPREAD-25NOV08INDPSU-IND14,2025-11-08T09:23:08.99637Z,0.48,402,yes,68c8b57b-e5d4-5f3e-8ae7-84d13ac9c65c
KXNCAAFSPREAD-25NOV08INDPSU-IND14,2025-11-08T09:20:49.726434Z,0.48,201,yes,fed5f9d0-4958-6ac6-85b1-89fd39100d04
KXNCAAFSPREAD-25NOV08INDPSU-IND14,2025-11-08T09:12:09.271159Z,0.48,40,yes,f99ed4fd-1884-4136-3603-d4e4fba849d0
KXNCAAFSPREAD-25NOV08INDPSU-IND14,2025-11-08T09:10:44.028482Z,0.48,20,yes,639d87bd-354c-7da2-e6cc-95b5b878636c
KXNCAAFSPREAD-25NOV08INDPSU-IND14,2025-11-08T09:09:24.014048Z,0.48,86,yes,dff58af6-dd18-71ea-0059-63c7bb1fe600
KXNCAAFSPREAD-25NOV08INDPSU-IND14,2025-11-08T09:00:00.026323Z,0.46,30,no,4533c388-686c-4488-6feb-1a1f437cab33
KXNCAAFSPREAD-25NOV08INDPSU-IND14,2025-11-08T08:53:19.299478Z,0.48,8,yes,adca51ef-ea00-77da-5f1e-7e14b771a1e8
KXNCAAFSPREAD-25NOV08INDPSU-IND14,2025-11-08T08:44:26.410021Z,0.48,2,yes,c4dddd24-6dc8-4956-3443-9187d31cc658
KXNCAAFSPREAD-25NOV08INDPSU-IND14,2025-11-08T08:44:05.631467Z,0.48,101,yes,e96db50c-0690-4396-198d-db4fcfdd6334
KXNCAAFSPREAD-25NOV08INDPSU-IND14,2025-11-08T08:41:53.611436Z,0.48,80,yes,23107929-8588-4da6-1fb8-46c84bcaa97c
KXNCAAFSPREAD-25NOV08INDPSU-IND14,2025-11-08T08:38:15.61273Z,0.46,8,no,69c3e7e9-3d4c-4690-9ad7-d0f760f022a7
KXNCAAFSPREAD-25NOV08INDPSU-IND14,2025-11-08T08:31:56.378708Z,0.48,353,yes,c365dfa6-9f38-6c02-ef66-813c65c8a0d0
KXNCAAFSPREAD-25NOV08INDPSU-IND14,2025-11-08T08:31:12.482205Z,0.48,204,yes,07961740-2b6c-741e-2946-3edfc739b70c
KXNCAAFSPREAD-25NOV08INDPSU-IND14,2025-11-08T08:12:31.186386Z,0.48,4,yes,bdb690fc-a208-5a72-3b18-4f9abf725f40
KXNCAAFSPREAD-25NOV08INDPSU-IND14,2025-11-08T08:11:21.66058Z,0.48,201,yes,4d311f93-0f50-7c96-5981-a9c6fe7bb350
KXNCAAFSPREAD-25NOV08INDPSU-IND14,2025-11-08T08:05:50.008282Z,0.48,100,yes,f6dc027b-60a8-62a2-a316-5ff8d1ae1b54
KXNCAAFSPREAD-25NOV08INDPSU-IND14,2025-11-08T08:03:53.355682Z,0.47,17,no,f0101f67-24b0-7092-be75-93fc56e0c07c
KXNCAAFSPREAD-25NOV08INDPSU-IND14,2025-11-08T08:03:53.355682Z,0.46,19,no,e2425777-4170-7ecc-a189-e1271d715443
KXNCAAFSPREAD-25NOV08INDPSU-IND14,2025-11-08T08:00:49.902912Z,0.48,403,yes,e74c470b-ba50-67fe-9278-e12fff42fac4
KXNCAAFSPREAD-25NOV08INDPSU-IND14,2025-11-08T07:56:40.163021Z,0.48,48,yes,784a0a8e-7db0-4c6a-c9ac-9b4931ef37f4
KXNCAAFSPREAD-25NOV08INDPSU-IND14,2025-11-08T07:54:52.12711Z,0.48,100,yes,5023359e-8748-7a66-3b4a-838e21bc95cc
KXNCAAFSPREAD-25NOV08INDPSU-IND14,2025-11-08T07:50:47.826073Z,0.48,48,yes,55ec72f7-a3bc-7616-0b39-bc12c9c75c74
KXNCAAFSPREAD-25NOV08INDPSU-IND14,2025-11-08T07:47:31.22729Z,0.48,100,yes,bc061631-e1a0-511e-350d-93c8c2f671e8
KXNCAAFSPREAD-25NOV08INDPSU-IND14,2025-11-08T07:46:25.463334Z,0.48,34,yes,7e5f371b-a274-7eca-a97a-94982f76c204
KXNCAAFSPREAD-25NOV08INDPSU-IND14,2025-11-08T07:31:53.948309Z,0.47,18,no,8758ebd3-0027-72a4-359b-628a0197dd9f
KXNCAAFSPREAD-25NOV08INDPSU-IND14,2025-11-08T07:30:04.613132Z,0.48,211,yes,29ea847c-4440-72aa-760f-c0a1237b10e0
KXNCAAFSPREAD-25NOV08INDPSU-IND14,2025-11-08T07:29:38.37338Z,0.48,30,yes,2a2ee608-ed60-6a6e-2d2e-0911cffaacb0
KXNCAAFSPREAD-25NOV08INDPSU-IND14,2025-11-08T07:28:32.611825Z,0.48,81,yes,a6b62941-019c-4abe-6602-906bdb27b6ec
KXNCAAFSPREAD-25NOV08INDPSU-IND14,2025-11-08T07:25:12.609005Z,0.48,10,yes,86e3ba8d-05a8-69d2-1903-76c149ba1190
KXNCAAFSPREAD-25NOV08INDPSU-IND14,2025-11-08T07:24:37.613284Z,0.48,40,yes,fcf792b2-216c-69de-8249-2dd8124e0b04
KXNCAAFSPREAD-25NOV08INDPSU-IND14,2025-11-08T07:20:33.595645Z,0.48,24,yes,043b3a8a-a498-681a-3e90-1325bbaebbc4
KXNCAAFSPREAD-25NOV08INDPSU-IND14,2025-11-08T07:20:25.474319Z,0.48,100,yes,738625d1-f614-6d76-7d54-76aab19447c8
KXNCAAFSPREAD-25NOV08INDPSU-IND14,2025-11-08T07:10:21.341271Z,0.46,18,no,6eeca329-ac2c-7580-7d41-899cd1fb3b4b
KXNCAAFSPREAD-25NOV08INDPSU-IND14,2025-11-08T07:08:30.571752Z,0.46,13,no,651cc7d7-0744-7de8-0cfe-27ddce841a4f
KXNCAAFSPREAD-25NOV08INDPSU-IND14,2025-11-08T07:05:36.255605Z,0.46,5,no,958c22e7-9c68-5148-808f-cb0746579ee3
KXNCAAFSPREAD-25NOV08INDPSU-IND14,2025-11-08T07:03:57.973673Z,0.48,10,yes,a2a3affc-6498-653a-a970-53fa1269ce9c
KXNCAAFSPREAD-25NOV08INDPSU-IND14,2025-11-08T07:01:57.237207Z,0.46,136,no,dda80cd4-cbcc-49e0-b374-20d9420359f3
KXNCAAFSPREAD-25NOV08INDPSU-IND14,2025-11-08T07:01:57.237207Z,0.47,172,no,ad205afe-e32d-452f-9257-631b0ed0a4cc
KXNCAAFSPREAD-25NOV08INDPSU-IND14,2025-11-08T07:01:48.185711Z,0.48,100,yes,47f60d69-a728-4fce-d548-c87eb0a15a80
KXNCAAFSPREAD-25NOV08INDPSU-IND14,2025-11-08T06:59:43.668425Z,0.48,4,yes,eb001ad9-cec4-49ca-16f6-c9f371d7d054
KXNCAAFSPREAD-25NOV08INDPSU-IND14,2025-11-08T06:59:35.561006Z,0.48,40,yes,218acf0d-0088-5f42-bde3-fc98b7030018
KXNCAAFSPREAD-25NOV08INDPSU-IND14,2025-11-08T06:58:22.982737Z,0.46,10,no,976534b0-1acc-7cf8-e689-e370c54685f7
KXNCAAFSPREAD-25NOV08INDPSU-IND14,2025-11-08T06:57:39.848875Z,0.48,10,yes,7d24727e-d84c-70da-d892-cf2845076598
KXNCAAFSPREAD-25NOV08INDPSU-IND14,2025-11-08T06:57:18.991781Z,0.48,30,yes,d6c2ab26-9fbc-652a-6b6a-14b2dc15e208
KXNCAAFSPREAD-25NOV08INDPSU-IND14,2025-11-08T06:56:36.979269Z,0.48,10,yes,c1fa31e8-e3c8-6ace-3f52-1877b753ba90
KXNCAAFSPREAD-25NOV08INDPSU-IND14,2025-11-08T06:49:47.949044Z,0.48,201,yes,77ec21bc-dab8-6b82-b6d1-265521014174
KXNCAAFSPREAD-25NOV08INDPSU-IND14,2025-11-08T06:47:06.137484Z,0.48,17,yes,6897aca9-d2b0-499e-e0ee-0bca661c17c8
KXNCAAFSPREAD-25NOV08INDPSU-IND14,2025-11-08T06:41:58.907289Z,0.48,20,yes,0b368561-b028-4e82-22cb-2861af20e5a0
KXNCAAFSPREAD-25NOV08INDPSU-IND14,2025-11-08T06:40:59.666198Z,0.48,218,yes,3bdfdbac-e220-658e-0055-c33e9db70884
KXNCAAFSPREAD-25NOV08INDPSU-IND14,2025-11-08T06:32:43.754644Z,0.48,22,yes,15449d71-5b4c-6722-3ff2-bf6871e197e8
KXNCAAFSPREAD-25NOV08INDPSU-IND14,2025-11-08T06:28:13.761303Z,0.48,19,yes,f65df605-0bd0-53c6-5c1e-73db64b5000c
KXNCAAFSPREAD-25NOV08INDPSU-IND14,2025-11-08T06:27:20.712921Z,0.48,70,yes,0ecf2b4d-d41c-442e-147b-274c196e74e8
KXNCAAFSPREAD-25NOV08INDPSU-IND14,2025-11-08T06:26:38.767678Z,0.48,20,yes,275cad4c-093c-4692-fb75-e39c1208f900
KXNCAAFSPREAD-25NOV08INDPSU-IND14,2025-11-08T06:23:35.633326Z,0.48,15,yes,9441f2fa-32d4-697a-069f-7bc5587c9f5c
KXNCAAFSPREAD-25NOV08INDPSU-IND14,2025-11-08T06:22:52.090144Z,0.47,18,no,56dfcb9c-a13f-6507-7bf3-1e84c6cf81c6
KXNCAAFSPREAD-25NOV08INDPSU-IND14,2025-11-08T06:22:38.922352Z,0.48,98,yes,cfb28667-0c84-7ea6-a2fe-91a7fa684728
KXNCAAFSPREAD-25NOV08INDPSU-IND14,2025-11-08T06:21:53.848159Z,0.48,40,yes,86503e85-1de4-400e-ca5c-6c2f8c3b0a60
KXNCAAFSPREAD-25NOV08INDPSU-IND14,2025-11-08T06:19:26.83219Z,0.48,2218,yes,496c30a7-6630-435e-833d-987ee13ceaec
KXNCAAFSPREAD-25NOV08INDPSU-IND14,2025-11-08T06:17:24.638387Z,0.48,60,yes,5c08dda9-041c-46a2-e33b-8e34cf33eb00
KXNCAAFSPREAD-25NOV08INDPSU-IND14,2025-11-08T06:16:53.651408Z,0.48,50,yes,63cdc663-9cec-59ee-76c4-b16dde94df88
KXNCAAFSPREAD-25NOV08INDPSU-IND14,2025-11-08T06:16:15.950883Z,0.48,20,yes,e4a312f5-7fa4-6bae-9bd5-9da3ff825e84
KXNCAAFSPREAD-25NOV08INDPSU-IND14,2025-11-08T06:09:42.383263Z,0.48,50,yes,40fac0f2-5030-5762-6e53-7a10bcae3038
KXNCAAFSPREAD-25NOV08INDPSU-IND14,2025-11-08T06:07:48.949934Z,0.48,40,yes,07704a8a-7808-7d66-42da-352610d140dc
KXNCAAFSPREAD-25NOV08INDPSU-IND14,2025-11-08T06:04:43.579328Z,0.48,100,yes,dd2bc9bc-b2e0-54ca-4399-18d775d68b90
KXNCAAFSPREAD-25NOV08INDPSU-IND14,2025-11-08T06:03:35.368513Z,0.48,10,yes,fbd9cf9b-fbc0-6de6-49fa-5fb323040fbc
KXNCAAFSPREAD-25NOV08INDPSU-IND14,2025-11-08T06:03:30.472175Z,0.48,20,yes,4b39be31-cec8-707e-f193-69002611b8f0
KXNCAAFSPREAD-25NOV08INDPSU-IND14,2025-11-08T06:02:00.940204Z,0.48,201,yes,c6acd1c5-6db4-6d4a-12cc-f4b0b5956214
KXNCAAFSPREAD-25NOV08INDPSU-IND14,2025-11-08T05:58:03.231068Z,0.47,219,no,f73bd6ee-108f-60eb-0c8f-771b43d0a7ba
KXNCAAFSPREAD-25NOV08INDPSU-IND14,2025-11-08T05:57:59.98025Z,0.47,8,no,3afc6a4c-09db-56c7-ff38-d22fcd46a7f6
KXNCAAFSPREAD-25NOV08INDPSU-IND14,2025-11-08T05:56:20.791587Z,0.48,2,yes,0390fd7a-a3bc-645a-2c0a-02924574f530
KXNCAAFSPREAD-25NOV08INDPSU-IND14,2025-11-08T05:55:37.268003Z,0.48,45,yes,1478acb5-1a0c-57d2-7209-5830f26269a0
KXNCAAFSPREAD-25NOV08INDPSU-IND14,2025-11-08T05:55:08.465552Z,0.48,20,yes,8b02a10c-8098-7016-a0f0-86dbdc3f6120
KXNCAAFSPREAD-25NOV08INDPSU-IND14,2025-11-08T05:53:54.29107Z,0.48,755,yes,281eb5d5-45c4-66ba-00c4-5be426892760
KXNCAAFSPREAD-25NOV08INDPSU-IND14,2025-11-08T05:53:18.256387Z,0.47,739,no,f69908fd-a48f-76b3-0184-4ca789db5eb6
KXNCAAFSPREAD-25NOV08INDPSU-IND14,2025-11-08T05:53:14.646126Z,0.48,147,yes,163d3a52-01f8-750a-88e9-2a443544db4c
KXNCAAFSPREAD-25NOV08INDPSU-IND14,2025-11-08T05:50:35.362763Z,0.47,9,no,451ed39f-8587-5573-d076-93fca3eda23e
KXNCAAFSPREAD-25NOV08INDPSU-IND14,2025-11-08T05:50:06.302913Z,0.48,10,yes,cb00f20c-ecdc-41ca-3824-082daf21bb90
KXNCAAFSPREAD-25NOV08INDPSU-IND14,2025-11-08T05:49:54.453584Z,0.48,100,yes,2072c409-9560-7666-e4c5-73f59a95480c
KXNCAAFSPREAD-25NOV08INDPSU-IND14,2025-11-08T05:49:53.194063Z,0.47,182,no,bbed36e4-d837-4c8b-990e-76ac16e8f04a
KXNCAAFSPREAD-25NOV08INDPSU-IND14,2025-11-08T05:47:21.430478Z,0.48,10,yes,2827f673-bdc8-51b6-212b-e0a1c1a6e578
KXNCAAFSPREAD-25NOV08INDPSU-IND14,2025-11-08T05:47:17.459332Z,0.48,40,yes,b439bcb8-7e8c-6a7e-5eee-030b763ccc58
KXNCAAFSPREAD-25NOV08INDPSU-IND14,2025-11-08T05:47:16.334762Z,0.48,603,yes,3342c742-b544-671e-e110-24ae2dcd6984
KXNCAAFSPREAD-25NOV08INDPSU-IND14,2025-11-08T05:44:53.947677Z,0.48,10,yes,c907d814-fc1c-4492-f092-e793692fc04c
KXNCAAFSPREAD-25NOV08INDPSU-IND14,2025-11-08T05:44:52.534532Z,0.48,197,yes,030c14d9-c25c-7cb6-7179-000b2bc785dc
KXNCAAFSPREAD-25NOV08INDPSU-IND14,2025-11-08T05:44:48.963146Z,0.47,4566,no,31f471c9-b093-6b3b-4af3-8d82e7e81252
KXNCAAFSPREAD-25NOV08INDPSU-IND14,2025-11-08T05:44:02.77476Z,0.48,30,yes,f2cdbba8-5cb4-4d1e-0b81-dbc7f6a667d8
KXNCAAFSPREAD-25NOV08INDPSU-IND14,2025-11-08T05:37:40.277519Z,0.48,20,yes,f1823740-e38c-4fda-8e9a-a1e2233ff924
KXNCAAFSPREAD-25NOV08INDPSU-IND14,2025-11-08T05:37:39.598254Z,0.47,120,no,df0eb136-2a66-64f7-ac1e-c82cf0a711f3
KXNCAAFSPREAD-25NOV08INDPSU-IND14,2025-11-08T05:37:27.662899Z,0.48,20,yes,ea93214f-b768-41c6-c158-de32e8d47dd0
KXNCAAFSPREAD-25NOV08INDPSU-IND14,2025-11-08T05:37:23.250386Z,0.48,50,yes,86eb0bce-a70c-4ce2-9816-2cdd54e4562c
KXNCAAFSPREAD-25NOV08INDPSU-IND14,2025-11-08T05:37:13.875748Z,0.48,20,yes,ebb13a77-e6d0-4ef2-b7b4-26a786e1c660
KXNCAAFSPREAD-25NOV08INDPSU-IND14,2025-11-08T05:35:57.162069Z,0.47,182,no,9911e415-3dc2-641f-4df0-7b811e288163
KXNCAAFSPREAD-25NOV08INDPSU-IND14,2025-11-08T05:35:19.304739Z,0.47,27,no,780dd150-1366-627b-7781-12282910a88b
KXNCAAFSPREAD-25NOV08INDPSU-IND14,2025-11-08T05:33:37.065588Z,0.48,8,yes,caba00c4-7a80-45f2-59e1-091ec3e972cc
KXNCAAFSPREAD-25NOV08INDPSU-IND14,2025-11-08T05:28:04.235276Z,0.48,1,yes,9210131e-2488-6002-f0f7-562cb040c0d0
KXNCAAFSPREAD-25NOV08INDPSU-IND14,2025-11-08T05:19:14.253081Z,0.48,1001,yes,992539e9-135c-46f2-a27b-f55cf61ba4ac
KXNCAAFSPREAD-25NOV08INDPSU-IND14,2025-11-08T05:16:21.002029Z,0.48,10,yes,b5375813-930c-575e-5bad-7364e8b775ac
KXNCAAFSPREAD-25NOV08INDPSU-IND14,2025-11-08T05:08:31.029432Z,0.47,17810,no,9f1916f6-b5f0-621c-28a2-5ac2ab5b9b7f
KXNCAAFSPREAD-25NOV08INDPSU-IND14,2025-11-08T04:59:52.048462Z,0.47,36,no,144626ba-6c30-6648-017a-b4adc1aa503f
KXNCAAFSPREAD-25NOV08INDPSU-IND14,2025-11-08T04:57:15.803723Z,0.48,2018,yes,af9a8100-3558-657e-f130-9e76f571a5e8
KXNCAAFSPREAD-25NOV08INDPSU-IND14,2025-11-08T04:52:06.246378Z,0.48,339,yes,eb1767d9-f954-67c6-d4a3-ed2bd2ea9b38
KXNCAAFSPREAD-25NOV08INDPSU-IND14,2025-11-08T04:51:36.081234Z,0.48,201,yes,3cde5fc9-1c3c-529a-60b7-a55234523584
KXNCAAFSPREAD-25NOV08INDPSU-IND14,2025-11-08T04:51:33.097328Z,0.48,10,yes,98ca2f85-40dc-53da-7fed-a093de530c64
KXNCAAFSPREAD-25NOV08INDPSU-IND14,2025-11-08T04:45:47.309902Z,0.48,40,yes,c160da1c-60b4-5e1a-3cc1-47ab37a22180
KXNCAAFSPREAD-25NOV08INDPSU-IND14,2025-11-08T04:43:40.510949Z,0.47,50,no,ea2bc759-861c-4434-0e5f-f055c87dcad7
KXNCAAFSPREAD-25NOV08INDPSU-IND14,2025-11-08T04:31:49.243545Z,0.48,4,yes,b0cc20da-7d8c-4d9e-896a-cb15baf560a4
KXNCAAFSPREAD-25NOV08INDPSU-IND14,2025-11-08T04:30:45.96275Z,0.48,11055,yes,bac58964-ed08-65ba-56c2-bb36b1c9087c
KXNCAAFSPREAD-25NOV08INDPSU-IND14,2025-11-08T04:27:40.685001Z,0.48,10,yes,7ff39bbd-251c-7b3a-f94f-3e72389d8e4c
KXNCAAFSPREAD-25NOV08INDPSU-IND14,2025-11-08T04:23:13.085985Z,0.47,18,no,8fd65794-f3d8-63fc-ed71-af028e281913
KXNCAAFSPREAD-25NOV08INDPSU-IND14,2025-11-08T04:20:14.231068Z,0.48,7,yes,2fcd7cac-9bfc-7e96-e637-8f4da2f4eac8
KXNCAAFSPREAD-25NOV08INDPSU-IND14,2025-11-08T04:15:22.472794Z,0.47,20,no,e5fcd6e0-f8a8-7d88-200e-8763763e8417
KXNCAAFSPREAD-25NOV08INDPSU-IND14,2025-11-08T04:13:18.839822Z,0.47,9,no,001ff179-827c-40e4-f1ec-75011f91df33
KXNCAAFSPREAD-25NOV08INDPSU-IND14,2025-11-08T04:12:53.162104Z,0.47,421,no,b9def221-35ac-7adc-6056-063c4f09a673
KXNCAAFSPREAD-25NOV08INDPSU-IND14,2025-11-08T04:12:12.390272Z,0.48,40,yes,3eed8cce-720c-44be-cdd4-0877db431f68
KXNCAAFSPREAD-25NOV08INDPSU-IND14,2025-11-08T04:09:45.629133Z,0.48,402,yes,ab8dd980-bb2c-5b86-589e-19e6cdc21864
KXNCAAFSPREAD-25NOV08INDPSU-IND14,2025-11-08T04:07:14.484009Z,0.48,20,yes,1c37d139-3498-7f3e-a0f3-539fd90bc1a8
KXNCAAFSPREAD-25NOV08INDPSU-IND14,2025-11-08T03:47:58.468299Z,0.49,9,yes,35d913f5-8d76-4104-cb39-0a2e1ef4a08e
KXNCAAFSPREAD-25NOV08INDPSU-IND14,2025-11-08T03:46:21.2286Z,0.49,30,yes,246e3c53-160a-764c-27ef-aae8176a7a36
KXNCAAFSPREAD-25NOV08INDPSU-IND14,2025-11-08T03:43:15.267537Z,0.49,9,yes,b09bd849-8916-72f0-2dd8-8e865deca342
KXNCAAFSPREAD-25NOV08INDPSU-IND14,2025-11-08T03:42:53.212125Z,0.49,49,yes,8b2c0a78-b086-5314-ae04-3684733681e6
KXNCAAFSPREAD-25NOV08INDPSU-IND14,2025-11-08T03:38:40.51496Z,0.49,9,yes,3bebe3b1-56fe-6a24-7e4e-5ba5d12420ce
KXNCAAFSPREAD-25NOV08INDPSU-IND14,2025-11-08T03:29:31.866097Z,0.49,9,yes,e491fdd8-fa82-6b00-09a8-a3c453115846
KXNCAAFSPREAD-25NOV08INDPSU-IND14,2025-11-08T03:13:43.445142Z,0.47,40,no,5fa2f555-baf8-4a57-11ad-edce8f5e6e99
KXNCAAFSPREAD-25NOV08INDPSU-IND14,2025-11-08T03:12:26.140717Z,0.47,54,no,5babec5a-0938-680b-637d-b4e61ffd5009
KXNCAAFSPREAD-25NOV08INDPSU-IND14,2025-11-08T03:10:26.128287Z,0.49,122,yes,a53c5a83-ce5e-7bb8-6b86-1434bd0bdef2
KXNCAAFSPREAD-25NOV08INDPSU-IND14,2025-11-08T03:03:00.015809Z,0.49,204,yes,1df8876d-011a-5518-8d84-149a565c238a
KXNCAAFSPREAD-25NOV08INDPSU-IND14,2025-11-08T03:02:42.012191Z,0.47,98,no,057faf6f-ab08-5e93-a7d3-e04935f7029d
KXNCAAFSPREAD-25NOV08INDPSU-IND14,2025-11-08T03:02:12.528256Z,0.49,39,yes,6e39cfca-1282-4a0c-cc5e-3862ae5e4a1e
KXNCAAFSPREAD-25NOV08INDPSU-IND14,2025-11-08T02:45:42.439013Z,0.49,98,yes,d3aa5637-4f9a-66d0-3b85-7f31021b7216
KXNCAAFSPREAD-25NOV08INDPSU-IND14,2025-11-08T02:41:48.665673Z,0.49,50,yes,dbbcf24b-98ee-53fc-270a-cf6ddd40419a
KXNCAAFSPREAD-25NOV08INDPSU-IND14,2025-11-08T02:30:01.639601Z,0.49,39,yes,35987e3a-468a-48e4-04d7-9ab435b73ae2
KXNCAAFSPREAD-25NOV08INDPSU-IND14,2025-11-08T02:06:05.390508Z,0.49,985,yes,c2648827-5392-7470-04a3-b59d3bf6ca2a
KXNCAAFSPREAD-25NOV08INDPSU-IND14,2025-11-08T02:03:00.904556Z,0.49,16,yes,9eb39735-ca4e-6c34-48e4-202398a11062
KXNCAAFSPREAD-25NOV08INDPSU-IND14,2025-11-08T01:58:19.581765Z,0.47,10,no,7faae9df-793c-408f-32b7-ac237976d4bd
KXNCAAFSPREAD-25NOV08INDPSU-IND14,2025-11-08T01:57:48.946066Z,0.49,19,yes,f3fa72c2-0656-4068-bc6c-a361b654fe5e
KXNCAAFSPREAD-25NOV08INDPSU-IND14,2025-11-08T01:49:02.039261Z,0.49,39,yes,905a5710-6b2a-5c28-769c-a9c6c44457e2
KXNCAAFSPREAD-25NOV08INDPSU-IND14,2025-11-08T01:34:25.164366Z,0.49,40,yes,d1cd79d3-326a-51f0-93f3-0f69cc0a6d0a
KXNCAAFSPREAD-25NOV08INDPSU-IND14,2025-11-08T01:29:21.833781Z,0.49,38,yes,72951df0-0852-57d8-eb54-11b9c446e136
KXNCAAFSPREAD-25NOV08INDPSU-IND14,2025-11-08T01:14:52.088223Z,0.47,45,no,e419c6d1-5368-636b-162a-d8c291d233f5
KXNCAAFSPREAD-25NOV08INDPSU-IND14,2025-11-08T01:06:23.525051Z,0.49,98,yes,a5daa135-424e-7e00-ecd1-36ee3b90c4ce
KXNCAAFSPREAD-25NOV08INDPSU-IND14,2025-11-08T00:44:03.371222Z,0.49,9,yes,af8d763b-07f6-52ec-b7d1-f4e23fef8ab6
KXNCAAFSPREAD-25NOV08INDPSU-IND14,2025-11-08T00:34:35.885946Z,0.47,3,no,6e87d357-4740-621b-f9ae-b0ebc9ae35b5
KXNCAAFSPREAD-25NOV08INDPSU-IND14,2025-11-08T00:28:44.162554Z,0.49,49,yes,7fae1acc-beaa-4800-4785-beb11eb40396
KXNCAAFSPREAD-25NOV08INDPSU-IND14,2025-11-08T00:28:29.844629Z,0.49,78,yes,112ed4de-2f7a-67b4-61f1-2db4750419ca
KXNCAAFSPREAD-25NOV08INDPSU-IND14,2025-11-07T23:56:58.564836Z,0.47,46,no,cc326dba-1470-5343-1142-e9cb15a973bd
KXNCAAFSPREAD-25NOV08INDPSU-IND14,2025-11-07T23:52:52.597273Z,0.49,11,yes,a12782cc-542a-44c8-3ca6-cc4f6cfb5d0e
KXNCAAFSPREAD-25NOV08INDPSU-IND14,2025-11-07T23:33:30.735668Z,0.47,27,no,dd917902-bae4-642b-d440-6334c8b75a8d
KXNCAAFSPREAD-25NOV08INDPSU-IND14,2025-11-07T23:31:42.486221Z,0.49,49,yes,4cbc3be3-ff8a-6b8c-3e1b-896db9da87b6
KXNCAAFSPREAD-25NOV08INDPSU-IND14,2025-11-07T23:29:25.963596Z,0.49,984,yes,d6a0d96e-2f16-65ec-59e2-7a3ea05b7142
KXNCAAFSPREAD-25NOV08INDPSU-IND14,2025-11-07T23:23:59.011211Z,0.49,5,yes,f946c332-e9be-6cbc-6263-6c7d2b36f0f2
KXNCAAFSPREAD-25NOV08INDPSU-IND14,2025-11-07T23:23:35.16299Z,0.48,20,yes,95890e83-8e3b-567a-b33c-2abb828782bd
KXNCAAFSPREAD-25NOV08INDPSU-IND14,2025-11-07T23:23:35.16299Z,0.49,177,yes,2b66f864-50a2-59b4-9385-f710b285471a
KXNCAAFSPREAD-25NOV08INDPSU-IND14,2025-11-07T23:14:28.189838Z,0.47,73,no,e00960e5-e314-5f9b-5d6b-ba92f4b18b2d
KXNCAAFSPREAD-25NOV08INDPSU-IND14,2025-11-07T23:07:09.813915Z,0.47,9,no,03e416ba-0120-419b-a36e-94b6d07d190d
KXNCAAFSPREAD-25NOV08INDPSU-IND14,2025-11-07T23:06:25.181223Z,0.47,9,no,c3ea0b83-7b8c-7ffb-d752-3e863ac67a19
KXNCAAFSPREAD-25NOV08INDPSU-IND14,2025-11-07T23:00:36.786868Z,0.48,17,no,3ec2a085-2eea-4993-218e-09387f976a5a
KXNCAAFSPREAD-25NOV08INDPSU-IND14,2025-11-07T23:00:36.786868Z,0.47,1,no,1936d2a4-5d0c-4d53-1ef8-49cb7b93c8d9
KXNCAAFSPREAD-25NOV08INDPSU-IND14,2025-11-07T22:56:46.079574Z,0.49,19,yes,345b6f01-939e-6f70-d8c6-2fb858e4884e
KXNCAAFSPREAD-25NOV08INDPSU-IND14,2025-11-07T22:46:32.348467Z,0.49,482,yes,b95923c0-1eda-59fc-7d7a-ccddbf567dee
KXNCAAFSPREAD-25NOV08INDPSU-IND14,2025-11-07T22:25:20.65054Z,0.48,3,no,d6bf06c3-1482-5ceb-b2fc-979e59ba6242
KXNCAAFSPREAD-25NOV08INDPSU-IND14,2025-11-07T22:21:28.785485Z,0.49,5,yes,4ee02cf2-7c32-7948-23ad-b4694958a56e
KXNCAAFSPREAD-25NOV08INDPSU-IND14,2025-11-07T22:16:55.435552Z,0.49,98,yes,e539d8ba-579a-410c-1e85-94cd4b58fdf2
KXNCAAFSPREAD-25NOV08INDPSU-IND14,2025-11-07T21:44:15.221284Z,0.48,1,no,137c76f7-ff72-6bb7-b849-268051c515da
KXNCAAFSPREAD-25NOV08INDPSU-IND14,2025-11-07T21:33:19.241316Z,0.48,15,yes,a0492ada-90c6-4b21-e3ae-5c3ec881a011
KXNCAAFSPREAD-25NOV08INDPSU-IND14,2025-11-07T21:33:19.241316Z,0.49,4,yes,653a3671-c772-4264-fcde-9573b4373876
KXNCAAFSPREAD-25NOV08INDPSU-IND14,2025-11-07T21:24:16.515373Z,0.48,10,yes,abe79794-6512-6541-dded-8d8453d032d1
KXNCAAFSPREAD-25NOV08INDPSU-IND14,2025-11-07T21:17:18.384368Z,0.47,222,no,31dd2307-a244-443b-e11c-e48708d50231
KXNCAAFSPREAD-25NOV08INDPSU-IND14,2025-11-07T21:17:13.296738Z,0.47,10,no,c0475194-ae48-5abb-93a7-da5417e20b45
KXNCAAFSPREAD-25NOV08INDPSU-IND14,2025-11-07T21:13:52.237804Z,0.49,79,yes,ed5f9522-bafe-70e8-c260-c9f28a83847a
KXNCAAFSPREAD-25NOV08INDPSU-IND14,2025-11-07T21:13:51.476115Z,0.49,49,yes,1e1777f7-811e-5b70-0e50-47a1e0898132
KXNCAAFSPREAD-25NOV08INDPSU-IND14,2025-11-07T21:10:19.880263Z,0.48,21,yes,b24b0241-c8bf-7fe5-c584-81a1ea1f839c
KXNCAAFSPREAD-25NOV08INDPSU-IND14,2025-11-07T21:08:19.911857Z,0.48,4,yes,9babd873-7f23-78b5-771c-f755571846bc
KXNCAAFSPREAD-25NOV08INDPSU-IND14,2025-11-07T20:57:24.160353Z,0.49,3,yes,25e0f184-e2f2-41bc-e4dd-b736d4cd3bfe
KXNCAAFSPREAD-25NOV08INDPSU-IND14,2025-11-07T20:33:57.962227Z,0.49,9,yes,61ad4f74-2aae-7078-5efa-70640cfc7982
KXNCAAFSPREAD-25NOV08INDPSU-IND14,2025-11-07T20:33:27.837907Z,0.49,15,yes,c49aaea5-2dc6-51d4-5182-142658288cc2
KXNCAAFSPREAD-25NOV08INDPSU-IND14,2025-11-07T20:25:48.903889Z,0.49,5,yes,862cfce0-5bde-69e8-54cc-b7f86b1f1726
KXNCAAFSPREAD-25NOV08INDPSU-IND14,2025-11-07T20:12:15.736155Z,0.49,1,yes,c9b9588c-fd61-7bec-3412-d3d6bfcc7580
KXNCAAFSPREAD-25NOV08INDPSU-IND14,2025-11-07T20:12:15.736155Z,0.49,8,yes,41d9384c-1b3a-75f8-2a69-3ad0623e4e62
KXNCAAFSPREAD-25NOV08INDPSU-IND14,2025-11-07T19:06:16.3605Z,0.5,386,yes,9127b4d0-0697-5c49-d2c7-01f54d9ff8b4
KXNCAAFSPREAD-25NOV08INDPSU-IND14,2025-11-07T18:49:39.550562Z,0.5,48,yes,81c9ea99-0c3b-51e5-9978-b986562f74c0
KXNCAAFSPREAD-25NOV08INDPSU-IND14,2025-11-07T18:48:49.707047Z,0.5,9,yes,684f5450-3363-6aed-2007-d942550549e4
KXNCAAFSPREAD-25NOV08INDPSU-IND14,2025-11-07T18:46:06.846217Z,0.5,9,yes,024a6de0-fe07-55ad-1a09-e22c31156b0c
KXNCAAFSPREAD-25NOV08INDPSU-IND14,2025-11-07T18:27:15.245988Z,0.5,8,yes,6086e849-76ef-62fd-ecd8-9b2e266fbee4
KXNCAAFSPREAD-25NOV08INDPSU-IND14,2025-11-07T18:00:16.857875Z,0.5,19,yes,0e1582e5-eb53-5261-cfec-aff84122854c
KXNCAAFSPREAD-25NOV08INDPSU-IND14,2025-11-07T17:58:05.192027Z,0.5,23,yes,c257632f-aa93-59ad-d5a6-e277d8366a14
