ticker,created_time,price,count,taker_side,trade_id
KXNFLANYTD-25NOV09ATLIND-ATLDLONDON5,2025-11-09T15:43:09.787289Z,0.99,10,no,1bd0541d-3c31-534d-cc10-605161e9580d
KXNFLANYTD-25NOV09ATLIND-ATLDLONDON5,2025-11-09T15:41:10.250572Z,0.99,3000,yes,e8121611-cf13-5ef8-c8e9-413320cc38de
KXNFLANYTD-25NOV09ATLIND-ATLDLONDON5,2025-11-09T15:41:10.250572Z,0.99,444,yes,c9d6b11e-2b0e-5ec2-ee10-4cca571b60f1
KXNFLANYTD-25NOV09ATLIND-ATLDLONDON5,2025-11-09T15:41:10.250572Z,0.99,500,yes,ba4ea0fd-be2c-56b2-d7a1-09943b5eff47
KXNFLANYTD-25NOV09ATLIND-ATLDLONDON5,2025-11-09T15:41:10.250572Z,0.99,2000,yes,a8dd2729-616f-54dd-cbd5-d1fd5241172c
KXNFLANYTD-25NOV09ATLIND-ATLDLONDON5,2025-11-09T15:41:10.250572Z,0.88,41,yes,a5bc8a39-dd53-51e9-e1d7-c4174519b70f
KXNFLANYTD-25NOV09ATLIND-ATLDLONDON5,2025-11-09T15:41:10.250572Z,0.88,88,yes,998dc650-1ac7-5280-c6c6-336bfe4ef282
KXNFLANYTD-25NOV09ATLIND-ATLDLONDON5,2025-11-09T15:41:10.250572Z,0.97,100,yes,4755b9fd-5d11-572e-e748-00d184cfe1a3
KXNFLANYTD-25NOV09ATLIND-ATLDLONDON5,2025-11-09T15:41:10.250572Z,0.97,33,yes,443786e0-c4d8-54bd-c0a3-aa36029209f2
KXNFLANYTD-25NOV09ATLIND-ATLDLONDON5,2025-11-09T15:41:03.833292Z,0.85,1,yes,e4d63489-4bd4-5ef4-123f-9338f25999c0
KXNFLANYTD-25NOV09ATLIND-ATLDLONDON5,2025-11-09T15:39:58.41945Z,0.33,72,yes,b70d9bb7-c0e1-6e55-df8f-d7b59867bc00
KXNFLANYTD-25NOV09ATLIND-ATLDLONDON5,2025-11-09T15:39:42.043988Z,0.53,9,yes,28ce1fca-2294-4d9c-03a9-8eaeae000910
KXNFLANYTD-25NOV09ATLIND-ATLDLONDON5,2025-11-09T15:39:19.978074Z,0.31,46,yes,bfd9229f-0fa1-7bd5-86d2-331eb4ac8cf1
KXNFLANYTD-25NOV09ATLIND-ATLDLONDON5,2025-11-09T15:28:43.143189Z,0.32,2000,no,c8669616-3e9c-65a0-78a2-84ec65c0c883
KXNFLANYTD-25NOV09ATLIND-ATLDLONDON5,2025-11-09T15:16:32.58806Z,0.36,7,yes,1639ddfb-bbcd-4fed-e2a8-54c84d64988d
KXNFLANYTD-25NOV09ATLIND-ATLDLONDON5,2025-11-09T15:02:10.261154Z,0.41,100,yes,1a1263cf-a655-5f4c-5482-2384406ed7c7
KXNFLANYTD-25NOV09ATLIND-ATLDLONDON5,2025-11-09T14:58:49.891193Z,0.38,25,yes,dbb0baf0-2484-7068-a477-22536ea1f1e8
KXNFLANYTD-25NOV09ATLIND-ATLDLONDON5,2025-11-09T14:57:36.613679Z,0.39,20,no,37547a78-8454-6b6c-7180-784ed0f6052b
KXNFLANYTD-25NOV09ATLIND-ATLDLONDON5,2025-11-09T14:57:25.412213Z,0.4,10,no,8d7a5a85-9912-5e63-4910-d1dd028ec874
KXNFLANYTD-25NOV09ATLIND-ATLDLONDON5,2025-11-09T14:54:32.634396Z,0.88,5,yes,6fdf3903-3793-4111-130b-556f8fcabfa3
KXNFLANYTD-25NOV09ATLIND-ATLDLONDON5,2025-11-09T14:53:24.625524Z,0.69,10,yes,41bcbe19-c880-5229-4421-8d0a37744dde
KXNFLANYTD-25NOV09ATLIND-ATLDLONDON5,2025-11-09T14:53:24.625524Z,0.88,54,yes,1992d9ba-0bdf-5c29-4364-e01c2ae761bf
KXNFLANYTD-25NOV09ATLIND-ATLDLONDON5,2025-11-09T14:53:19.022181Z,0.45,200,no,3c2a9452-ef19-7013-718f-c7800955001e
KXNFLANYTD-25NOV09ATLIND-ATLDLONDON5,2025-11-09T14:52:35.815858Z,0.44,200,yes,dca210e6-bfe5-7a17-dd17-21e796b84d9a
KXNFLANYTD-25NOV09ATLIND-ATLDLONDON5,2025-11-09T14:52:20.575001Z,0.42,10,yes,9d6e77d0-4c26-712c-c105-4b6afcef75ec
KXNFLANYTD-25NOV09ATLIND-ATLDLONDON5,2025-11-09T14:42:22.811024Z,0.42,11,yes,f3698a31-1774-7300-ea51-5b9942a4c254
KXNFLANYTD-25NOV09ATLIND-ATLDLONDON5,2025-11-09T14:31:02.452598Z,0.4,11,yes,b05ecaaa-0588-4bd7-3865-b92c3b48dcce
KXNFLANYTD-25NOV09ATLIND-ATLDLONDON5,2025-11-09T14:28:11.653983Z,0.4,71,yes,aaf88c7b-8a88-4233-3758-a5209d6f590a
KXNFLANYTD-25NOV09ATLIND-ATLDLONDON5,2025-11-09T14:28:01.033283Z,0.4,71,yes,602efcc8-c068-6987-8794-cf6676a1964e
KXNFLANYTD-25NOV09ATLIND-ATLDLONDON5,2025-11-09T14:21:02.716367Z,0.4,10,yes,6652d64b-d86c-7b13-86ef-59194dac030e
KXNFLANYTD-25NOV09ATLIND-ATLDLONDON5,2025-11-09T14:18:00.250436Z,0.4,179,yes,0ebe2ca3-5908-7593-7a93-7d6a4ec14c3a
KXNFLANYTD-25NOV09ATLIND-ATLDLONDON5,2025-11-09T14:16:08.261178Z,0.4,28,yes,c5789394-f86c-4423-9a50-568cde1b9c5e
KXNFLANYTD-25NOV09ATLIND-ATLDLONDON5,2025-11-09T14:11:59.13665Z,0.4,3,yes,997380e7-a744-726f-3a29-8760375af9e2
KXNFLANYTD-25NOV09ATLIND-ATLDLONDON5,2025-11-09T14:10:15.576819Z,0.4,11,yes,45ec6fc5-61c8-423f-76cf-641d5536992e
KXNFLANYTD-25NOV09ATLIND-ATLDLONDON5,2025-11-09T14:03:43.274961Z,0.4,47,yes,ed3babb3-35cc-524b-9563-fc7a9bc16c02
KXNFLANYTD-25NOV09ATLIND-ATLDLONDON5,2025-11-09T13:53:52.96395Z,0.4,24,yes,7463e47a-bb0c-5bcb-3ee5-a44929bb188a
KXNFLANYTD-25NOV09ATLIND-ATLDLONDON5,2025-11-09T13:50:13.474267Z,0.4,119,yes,c8f098aa-bfd0-5427-8b10-e5b1f0a08b2e
KXNFLANYTD-25NOV09ATLIND-ATLDLONDON5,2025-11-09T13:49:52.752933Z,0.4,239,yes,5cd0492c-ba84-46f7-c175-1980cbaf7f76
KXNFLANYTD-25NOV09ATLIND-ATLDLONDON5,2025-11-09T13:44:22.039286Z,0.4,239,yes,93c2969d-ef54-423b-a47a-f3b6387427de
KXNFLANYTD-25NOV09ATLIND-ATLDLONDON5,2025-11-09T13:10:16.953365Z,0.4,468,yes,bc068e84-d548-757f-a90e-e1e7b128682e
KXNFLANYTD-25NOV09ATLIND-ATLDLONDON5,2025-11-09T12:38:12.310766Z,0.4,23,yes,f413543d-9d3c-7f3b-f137-44093056ad96
KXNFLANYTD-25NOV09ATLIND-ATLDLONDON5,2025-11-09T12:32:41.012643Z,0.4,23,yes,b79ebb52-2c64-5ddb-2a82-7b2a50a2b4b2
KXNFLANYTD-25NOV09ATLIND-ATLDLONDON5,2025-11-09T12:00:31.741037Z,0.4,11,yes,74b8f108-72c8-771f-801d-98a618f81a3e
KXNFLANYTD-25NOV09ATLIND-ATLDLONDON5,2025-11-09T11:54:54.130209Z,0.4,4,yes,6470a3df-d564-56d3-220b-e772a9f76292
KXNFLANYTD-25NOV09ATLIND-ATLDLONDON5,2025-11-09T08:47:00.421518Z,0.4,23,yes,b2b29813-df38-61f7-d33d-332f06985682
KXNFLANYTD-25NOV09ATLIND-ATLDLONDON5,2025-11-09T07:25:40.34047Z,0.4,7,yes,db7270a2-425c-5347-f675-6e88853d1632
KXNFLANYTD-25NOV09ATLIND-ATLDLONDON5,2025-11-09T07:00:15.619327Z,0.4,59,yes,620d07e1-9cb4-5a63-bc92-60825880901e
KXNFLANYTD-25NOV09ATLIND-ATLDLONDON5,2025-11-09T06:36:54.51345Z,0.4,5998,yes,83dd41fe-be74-7643-c218-e4dd05824f7e
KXNFLANYTD-25NOV09ATLIND-ATLDLONDON5,2025-11-09T06:17:46.490617Z,0.4,11,yes,8cd3f189-f504-572b-2823-837d7644f596
KXNFLANYTD-25NOV09ATLIND-ATLDLONDON5,2025-11-09T06:04:35.614334Z,0.4,1,yes,dc81a8a8-2fc4-5923-2ddf-4d8bba5557be
KXNFLANYTD-25NOV09ATLIND-ATLDLONDON5,2025-11-09T05:35:45.229312Z,0.4,47,yes,b0c4dadf-9b24-5cab-f720-0a1cb8409362
KXNFLANYTD-25NOV09ATLIND-ATLDLONDON5,2025-11-09T05:28:51.320258Z,0.39,235,yes,c6f283ca-a291-4fdf-a4f5-bfcd4a95868b
KXNFLANYTD-25NOV09ATLIND-ATLDLONDON5,2025-11-09T05:28:51.320258Z,0.4,376,yes,4d191ccf-0e5c-4ecb-a95d-3607eb8f1bf6
KXNFLANYTD-25NOV09ATLIND-ATLDLONDON5,2025-11-09T04:11:52.372871Z,0.39,29,yes,75ddadd2-cc6d-51b7-cfb1-13fa3a0a3a63
KXNFLANYTD-25NOV09ATLIND-ATLDLONDON5,2025-11-09T04:04:03.008824Z,0.32,22,no,a4613d46-6f5f-6123-9249-0bfd51b8cfec
KXNFLANYTD-25NOV09ATLIND-ATLDLONDON5,2025-11-09T04:04:03.008824Z,0.33,50,no,5c74dd8a-6a0d-69f2-9409-279f2bd365d2
KXNFLANYTD-25NOV09ATLIND-ATLDLONDON5,2025-11-09T03:37:32.586349Z,0.39,36,yes,6e7332c3-c469-785f-06b2-3b7fbe692c4f
KXNFLANYTD-25NOV09ATLIND-ATLDLONDON5,2025-11-09T01:49:09.147728Z,0.4,36,yes,94f42d3e-cbf4-59ab-e24e-c4449abd1b6e
KXNFLANYTD-25NOV09ATLIND-ATLDLONDON5,2025-11-09T01:49:09.147728Z,0.4,11,yes,67fde771-4043-5469-fca1-33099313ca5e
KXNFLANYTD-25NOV09ATLIND-ATLDLONDON5,2025-11-09T01:10:56.221665Z,0.4,119,yes,9592e3f8-05db-6ff5-78cc-f7a03abce56e
KXNFLANYTD-25NOV09ATLIND-ATLDLONDON5,2025-11-09T01:05:25.127166Z,0.4,59,yes,a56c25b9-4e77-6e59-89ec-ceccf3b704fa
KXNFLANYTD-25NOV09ATLIND-ATLDLONDON5,2025-11-09T00:33:14.183063Z,0.4,11,yes,c88dad18-fab3-542d-8130-b51180d4eb52
KXNFLANYTD-25NOV09ATLIND-ATLDLONDON5,2025-11-08T22:03:08.542082Z,0.41,11,yes,1980cf29-8eec-59f9-43fc-c0f1d331e8aa
KXNFLANYTD-25NOV09ATLIND-ATLDLONDON5,2025-11-08T18:11:35.338213Z,0.41,30,yes,1e68ae87-5ae8-7411-dfa9-56aa92745e52
KXNFLANYTD-25NOV09ATLIND-ATLDLONDON5,2025-11-08T17:52:24.608628Z,0.41,351,yes,d218faa1-eb28-53bd-940b-1342918bf02e
KXNFLANYTD-25NOV09ATLIND-ATLDLONDON5,2025-11-08T16:53:12.384521Z,0.41,46,yes,a20718a1-c1b8-6135-5fae-2e520f341022
