ticker,created_time,price,count,taker_side,trade_id
KXNFL2TD-25NOV09ATLIND-INDJTAYLOR28,2025-11-09T17:07:43.109316Z,0.98,18,yes,c826b634-71ab-5d95-537a-a9ef4ce6f115
KXNFL2TD-25NOV09ATLIND-INDJTAYLOR28,2025-11-09T17:07:43.109316Z,0.99,80,yes,a2302962-af81-5d92-4c14-f58f76490825
KXNFL2TD-25NOV09ATLIND-INDJTAYLOR28,2025-11-09T17:07:11.173138Z,0.99,9990,yes,dfb59607-358b-6a56-ba10-9d9cdce5b4ac
KXNFL2TD-25NOV09ATLIND-INDJTAYLOR28,2025-11-09T17:07:11.173138Z,0.97,161,yes,47f612dd-a59b-670e-aeab-f9d6c3d5a2da
KXNFL2TD-25NOV09ATLIND-INDJTAYLOR28,2025-11-09T17:06:55.969228Z,0.93,159,yes,cf895dcb-2852-444f-51f0-430ab95d7186
KXNFL2TD-25NOV09ATLIND-INDJTAYLOR28,2025-11-09T17:06:55.969228Z,0.97,238,yes,bc11cf6d-2bb3-4956-662a-6dcd87fba14e
KXNFL2TD-25NOV09ATLIND-INDJTAYLOR28,2025-11-09T17:06:55.969228Z,0.86,28,yes,6fa74741-0f87-48c1-567e-9c172f6b96e4
KXNFL2TD-25NOV09ATLIND-INDJTAYLOR28,2025-11-09T17:06:55.969228Z,0.9,75,yes,2973b1ce-3cd0-47b2-44db-cd24980bdc8f
KXNFL2TD-25NOV09ATLIND-INDJTAYLOR28,2025-11-09T17:04:07.845457Z,0.18,10,no,95936556-1469-478e-4c64-b979969611b6
KXNFL2TD-25NOV09ATLIND-INDJTAYLOR28,2025-11-09T17:01:59.034041Z,0.21,25,yes,cf5792f8-c5cd-775d-5ffe-e7b04c132046
KXNFL2TD-25NOV09ATLIND-INDJTAYLOR28,2025-11-09T16:58:03.431573Z,0.9,1,yes,614ea14d-678c-4396-0b66-c1da5b3b246b
KXNFL2TD-25NOV09ATLIND-INDJTAYLOR28,2025-11-09T16:55:06.999992Z,0.9,24,yes,dd88743b-962c-4442-b62b-0d3d83930957
KXNFL2TD-25NOV09ATLIND-INDJTAYLOR28,2025-11-09T16:54:53.77668Z,0.43,56,yes,a510c3bb-5108-580c-f95a-7b9f7406c5ef
KXNFL2TD-25NOV09ATLIND-INDJTAYLOR28,2025-11-09T16:54:45.810279Z,0.43,111,yes,2e60fc27-8330-41f8-e5b5-9ae7c8cbd837
KXNFL2TD-25NOV09ATLIND-INDJTAYLOR28,2025-11-09T16:54:33.564985Z,0.43,53,yes,311178fa-a1c0-4fe4-11b9-a63e9538c813
KXNFL2TD-25NOV09ATLIND-INDJTAYLOR28,2025-11-09T16:54:31.514854Z,0.45,80,yes,af68b4ef-915f-6bd7-94dc-85243f548835
KXNFL2TD-25NOV09ATLIND-INDJTAYLOR28,2025-11-09T16:54:31.264786Z,0.45,53,yes,76bdb017-dda3-68c3-efe7-fa12e5669a3d
KXNFL2TD-25NOV09ATLIND-INDJTAYLOR28,2025-11-09T16:49:17.668611Z,0.33,21,yes,22491c52-9741-55ef-e558-ab9193905d03
KXNFL2TD-25NOV09ATLIND-INDJTAYLOR28,2025-11-09T16:46:18.57691Z,0.27,158,yes,04c00ed8-4f7c-46aa-82cb-e5b44e919bd3
KXNFL2TD-25NOV09ATLIND-INDJTAYLOR28,2025-11-09T16:45:07.783186Z,0.3,10,no,a1898304-ab59-7eba-0396-390f0f23e3a4
KXNFL2TD-25NOV09ATLIND-INDJTAYLOR28,2025-11-09T16:43:00.819667Z,0.48,7,yes,07fc8902-1492-7f9a-adae-850b6aa0317e
KXNFL2TD-25NOV09ATLIND-INDJTAYLOR28,2025-11-09T16:41:00.435117Z,0.52,9,no,708eea21-2445-450d-a238-6ee98e62fbbf
KXNFL2TD-25NOV09ATLIND-INDJTAYLOR28,2025-11-09T16:40:56.125968Z,0.52,186,yes,161c60aa-7a9c-6378-4434-7b72f80f2884
KXNFL2TD-25NOV09ATLIND-INDJTAYLOR28,2025-11-09T16:38:22.912525Z,0.43,1000,no,13dac5c4-2f59-4b8b-ed8e-589e812eb1b9
KXNFL2TD-25NOV09ATLIND-INDJTAYLOR28,2025-11-09T16:37:26.17536Z,0.72,7,yes,f2b1c2ba-b497-4af3-f84d-19454f7c6d85
KXNFL2TD-25NOV09ATLIND-INDJTAYLOR28,2025-11-09T16:36:21.446555Z,0.42,61,yes,6c84b13c-d46b-7231-e360-9c913b167f86
KXNFL2TD-25NOV09ATLIND-INDJTAYLOR28,2025-11-09T16:30:22.721558Z,0.4,259,no,62b7f3c4-7846-41e4-4884-62ccb24e6f15
KXNFL2TD-25NOV09ATLIND-INDJTAYLOR28,2025-11-09T16:30:07.006484Z,0.41,60,yes,16437d42-eca6-4679-567f-1a28aa13400e
KXNFL2TD-25NOV09ATLIND-INDJTAYLOR28,2025-11-09T16:24:12.71636Z,0.46,4,yes,193bc773-508a-77d6-5715-b42baf3c94c5
KXNFL2TD-25NOV09ATLIND-INDJTAYLOR28,2025-11-09T16:15:35.361115Z,0.46,20,yes,76da11f8-f950-6843-b0ff-c5f67ce27105
KXNFL2TD-25NOV09ATLIND-INDJTAYLOR28,2025-11-09T16:11:29.164598Z,0.47,1000,no,bd01945b-6dec-6455-fb74-872e367bd330
KXNFL2TD-25NOV09ATLIND-INDJTAYLOR28,2025-11-09T16:09:25.403996Z,0.48,1,yes,0b8f88ac-ca6a-4396-0acc-eb01bb4e6a07
KXNFL2TD-25NOV09ATLIND-INDJTAYLOR28,2025-11-09T16:07:54.019301Z,0.48,96,yes,c300098f-ad9e-54a6-7294-33ddf6c8fde3
KXNFL2TD-25NOV09ATLIND-INDJTAYLOR28,2025-11-09T16:07:15.480411Z,0.47,307,yes,59e03630-620f-4799-6073-a3ec3185a380
KXNFL2TD-25NOV09ATLIND-INDJTAYLOR28,2025-11-09T16:05:25.20271Z,0.47,41,yes,6cbe0fec-99c4-563e-9b1d-5c8dc525cea7
KXNFL2TD-25NOV09ATLIND-INDJTAYLOR28,2025-11-09T16:04:58.625841Z,0.47,20,yes,e4567ee8-1a0c-688e-c013-571a44056dbf
KXNFL2TD-25NOV09ATLIND-INDJTAYLOR28,2025-11-09T16:04:28.466438Z,0.47,10,yes,838d11b0-0534-47de-f0e1-e76de97cdac7
KXNFL2TD-25NOV09ATLIND-INDJTAYLOR28,2025-11-09T16:01:40.611829Z,0.47,2,yes,0bc71520-c817-5bbd-b9f3-9aba9ab59a15
KXNFL2TD-25NOV09ATLIND-INDJTAYLOR28,2025-11-09T15:58:43.910202Z,0.47,10,yes,d9cc24d1-8d7f-6da1-32e8-bb73356795fd
KXNFL2TD-25NOV09ATLIND-INDJTAYLOR28,2025-11-09T15:55:43.151472Z,0.46,1,no,94baeb99-cc6c-5d7d-da6c-44728a808c2d
KXNFL2TD-25NOV09ATLIND-INDJTAYLOR28,2025-11-09T15:55:42.525926Z,0.47,10,yes,66eabb57-f493-79e1-85db-b62bbca53c5d
KXNFL2TD-25NOV09ATLIND-INDJTAYLOR28,2025-11-09T15:53:50.425462Z,0.46,209,yes,1fd10b1b-9a6c-472b-2676-3e7fb1e58a2f
KXNFL2TD-25NOV09ATLIND-INDJTAYLOR28,2025-11-09T15:53:44.722892Z,0.46,10,yes,b7995696-7e38-67e7-a4aa-d071e345553f
KXNFL2TD-25NOV09ATLIND-INDJTAYLOR28,2025-11-09T15:49:45.651159Z,0.51,14,yes,a3379bc3-3833-4502-b1ba-3afd827763c1
KXNFL2TD-25NOV09ATLIND-INDJTAYLOR28,2025-11-09T15:46:20.39523Z,0.5,9,yes,cc425d68-70f9-5c69-4327-65336b6c181c
KXNFL2TD-25NOV09ATLIND-INDJTAYLOR28,2025-11-09T15:46:02.663167Z,0.5,17,no,3ab6c940-f6ff-5de9-574e-0ec71df5093b
KXNFL2TD-25NOV09ATLIND-INDJTAYLOR28,2025-11-09T15:44:39.833284Z,0.53,18,yes,9a4322d3-a94d-6b68-d8bc-4879842302ad
KXNFL2TD-25NOV09ATLIND-INDJTAYLOR28,2025-11-09T15:44:22.179793Z,0.53,9,yes,1e508f2c-88a1-79c0-5af3-fbc8c28fbbe1
KXNFL2TD-25NOV09ATLIND-INDJTAYLOR28,2025-11-09T15:39:58.639646Z,0.52,9,yes,b90823f2-1318-42bc-9655-8ea6d3bec0c4
KXNFL2TD-25NOV09ATLIND-INDJTAYLOR28,2025-11-09T15:18:07.99743Z,0.63,1,yes,1db9d5c7-8a1c-4409-250f-2f2333f18bbd
KXNFL2TD-25NOV09ATLIND-INDJTAYLOR28,2025-11-09T15:16:09.029243Z,0.64,3,yes,218d6ea2-2797-73bf-cd74-a3d12067e330
KXNFL2TD-25NOV09ATLIND-INDJTAYLOR28,2025-11-09T15:13:29.462833Z,0.64,7,yes,a9b03bc0-f2ae-4e1f-941d-8c67b555c184
KXNFL2TD-25NOV09ATLIND-INDJTAYLOR28,2025-11-09T15:12:14.767918Z,0.64,14,no,2d5563ad-2eeb-7108-903c-0dbe04826cec
KXNFL2TD-25NOV09ATLIND-INDJTAYLOR28,2025-11-09T15:11:12.00845Z,0.62,338,no,de951fca-0599-7c4e-0c9f-d4d2340e3104
KXNFL2TD-25NOV09ATLIND-INDJTAYLOR28,2025-11-09T15:11:12.00845Z,0.65,1000,no,a5c7c188-cc2f-7a0b-03c1-1601e98d5bbe
KXNFL2TD-25NOV09ATLIND-INDJTAYLOR28,2025-11-09T14:54:02.206833Z,0.7,20,yes,de5f667c-d9a4-7adf-73a9-84da74954e85
KXNFL2TD-25NOV09ATLIND-INDJTAYLOR28,2025-11-09T14:51:53.47821Z,0.76,323,yes,3417ee62-c508-4420-04ff-ac498010eb2c
KXNFL2TD-25NOV09ATLIND-INDJTAYLOR28,2025-11-09T14:51:24.97125Z,0.76,1,yes,ddf3427b-9b90-7b08-b095-dd498976ba34
KXNFL2TD-25NOV09ATLIND-INDJTAYLOR28,2025-11-09T14:48:56.094152Z,0.82,1,yes,858df913-67eb-4778-964e-44fe379a7cca
KXNFL2TD-25NOV09ATLIND-INDJTAYLOR28,2025-11-09T14:48:56.094152Z,0.58,58,yes,42ad7084-d3f4-401d-8a3c-a4f1257d6220
KXNFL2TD-25NOV09ATLIND-INDJTAYLOR28,2025-11-09T14:48:56.094152Z,0.83,17,yes,2fd77ef5-9ab7-4d38-8448-8c0a535b87b3
KXNFL2TD-25NOV09ATLIND-INDJTAYLOR28,2025-11-09T14:36:48.54562Z,0.36,26,yes,0971ef9c-b328-63f4-5a56-c86147d3b4f5
KXNFL2TD-25NOV09ATLIND-INDJTAYLOR28,2025-11-09T14:32:57.752042Z,0.35,13,yes,e67e0e9d-50dc-6f93-02c8-caa34a33f070
KXNFL2TD-25NOV09ATLIND-INDJTAYLOR28,2025-11-09T14:21:34.636931Z,0.34,571,yes,bd71d8b6-f3a1-5fcd-7822-20c884ad477b
KXNFL2TD-25NOV09ATLIND-INDJTAYLOR28,2025-11-09T14:21:34.636931Z,0.34,131,yes,0668a34e-f5a5-5f38-508e-cd9a9eafc11f
KXNFL2TD-25NOV09ATLIND-INDJTAYLOR28,2025-11-09T14:14:28.418887Z,0.34,28,yes,7c10cfb9-5865-5b19-bd3c-fa8f8eed7493
KXNFL2TD-25NOV09ATLIND-INDJTAYLOR28,2025-11-09T13:55:55.379541Z,0.35,683,yes,525c089e-2430-661f-8113-77c16c500616
KXNFL2TD-25NOV09ATLIND-INDJTAYLOR28,2025-11-09T13:53:42.708573Z,0.35,5,yes,4dd45745-4f64-60ff-f42d-37e23eb7dfbe
KXNFL2TD-25NOV09ATLIND-INDJTAYLOR28,2025-11-09T13:52:30.325538Z,0.35,4,yes,c8fed82a-11b8-64c3-15dd-b58a35fbe4ee
KXNFL2TD-25NOV09ATLIND-INDJTAYLOR28,2025-11-09T13:21:27.536267Z,0.35,30,yes,8a12ad63-b8ac-63fb-701a-36b7a00fbaba
KXNFL2TD-25NOV09ATLIND-INDJTAYLOR28,2025-11-09T13:00:51.595601Z,0.35,81,yes,0103ad1b-b334-5d6b-3923-e10269a04062
KXNFL2TD-25NOV09ATLIND-INDJTAYLOR28,2025-11-09T12:57:12.022621Z,0.35,2,yes,388944ea-47f0-6507-77c0-7970c95db56a
KXNFL2TD-25NOV09ATLIND-INDJTAYLOR28,2025-11-09T12:11:53.782708Z,0.35,8,yes,e88a0152-02d0-76e7-ab54-0552ee0f9b5e
KXNFL2TD-25NOV09ATLIND-INDJTAYLOR28,2025-11-09T10:47:43.168119Z,0.35,68,yes,fe761f8d-1860-60df-adbb-377ecfcae8c6
KXNFL2TD-25NOV09ATLIND-INDJTAYLOR28,2025-11-09T07:02:15.491729Z,0.35,31,yes,9b83223f-d854-7907-777a-28a8529ad2c2
KXNFL2TD-25NOV09ATLIND-INDJTAYLOR28,2025-11-09T07:02:15.491729Z,0.34,121,yes,40db7bea-e2ca-77b3-66d2-e181b3071376
KXNFL2TD-25NOV09ATLIND-INDJTAYLOR28,2025-11-09T06:49:50.015228Z,0.34,93,yes,81dd06c2-d056-7ce7-9ec8-c06f90af2666
KXNFL2TD-25NOV09ATLIND-INDJTAYLOR28,2025-11-09T06:27:26.361814Z,0.34,70,yes,d850de3a-97f2-4bd3-aba4-dad1b88fd0aa
KXNFL2TD-25NOV09ATLIND-INDJTAYLOR28,2025-11-09T05:52:44.165595Z,0.34,702,yes,cd419538-07be-6093-d61c-bd5d00834c9a
KXNFL2TD-25NOV09ATLIND-INDJTAYLOR28,2025-11-09T05:40:50.686133Z,0.34,14,yes,e8193eb6-f4c2-6973-3f87-27418e104172
KXNFL2TD-25NOV09ATLIND-INDJTAYLOR28,2025-11-08T22:57:26.966817Z,0.35,15,yes,01c59358-d5b0-6f8f-11f9-3a43592ddd8e
KXNFL2TD-25NOV09ATLIND-INDJTAYLOR28,2025-11-08T21:47:57.710323Z,0.35,27,yes,c0f892a1-2294-7a6b-b660-62a12c5d9786
KXNFL2TD-25NOV09ATLIND-INDJTAYLOR28,2025-11-08T21:30:46.617781Z,0.35,20,yes,c74249db-d964-69b7-3db8-848fcf1e48de
KXNFL2TD-25NOV09ATLIND-INDJTAYLOR28,2025-11-08T18:59:19.608218Z,0.35,68,yes,cf61f707-0120-591f-129d-b04e7e2ee376
KXNFL2TD-25NOV09ATLIND-INDJTAYLOR28,2025-11-08T16:24:40.936213Z,0.35,2,yes,36d21e4a-ef08-5377-ace4-17ca8f8043b6
KXNFL2TD-25NOV09ATLIND-INDJTAYLOR28,2025-11-08T15:58:56.288286Z,0.35,54,yes,d50781c2-8dbc-6dd7-a7e7-ddefea0bf532
KXNFL2TD-25NOV09ATLIND-INDJTAYLOR28,2025-11-08T15:13:24.234445Z,0.35,5,yes,ea5602cc-869f-7908-845b-2664101cdb82
KXNFL2TD-25NOV09ATLIND-INDJTAYLOR28,2025-11-08T15:13:24.234445Z,0.36,1,yes,93c82bef-d289-7919-a116-e203b8161513
KXNFL2TD-25NOV09ATLIND-INDJTAYLOR28,2025-11-08T09:21:20.789311Z,0.36,26,yes,926f2c1a-0cb9-7b15-5b28-7682f8f21487
