ticker,created_time,price,count,taker_side,trade_id
KXWTAMATCH-25NOV08SABRYB-RYB,2025-11-08T18:05:29.96029Z,0.99,292,no,1c5c140f-a1f9-5cea-b5f6-ecc17898d311
KXWTAMATCH-25NOV08SABRYB-RYB,2025-11-08T18:05:14.176009Z,0.99,400,no,5bf03426-8205-7fd2-f870-ea802cc74839
KXWTAMATCH-25NOV08SABRYB-RYB,2025-11-08T18:05:10.236728Z,0.99,25,no,9e425ea9-4801-6e5a-d043-3575345980e9
KXWTAMATCH-25NOV08SABRYB-RYB,2025-11-08T18:04:50.971707Z,0.99,267,no,ed6c0710-cc8d-6de6-1435-15e7b2c6c739
KXWTAMATCH-25NOV08SABRYB-RYB,2025-11-08T18:04:40.589919Z,0.99,9,no,55ef2639-cca5-76ae-ade9-ef0358280a8d
KXWTAMATCH-25NOV08SABRYB-RYB,2025-11-08T18:04:36.679446Z,0.99,14,no,3cd437e6-ed55-487a-cc85-e25840842add
KXWTAMATCH-25NOV08SABRYB-RYB,2025-11-08T18:04:15.409208Z,0.99,76,no,4180de6c-37f9-7012-a2d4-27913f44304d
KXWTAMATCH-25NOV08SABRYB-RYB,2025-11-08T18:04:13.315358Z,0.99,67,no,d91bae19-97ad-668a-5afa-727b8942d535
KXWTAMATCH-25NOV08SABRYB-RYB,2025-11-08T18:04:07.832294Z,0.99,14,no,b87a55b6-a08d-445a-9ec1-e744668d7755
KXWTAMATCH-25NOV08SABRYB-RYB,2025-11-08T18:04:04.686156Z,0.99,16,no,7ad47a92-a161-5a0e-b4c6-18ef6a454f61
KXWTAMATCH-25NOV08SABRYB-RYB,2025-11-08T18:04:03.117313Z,0.99,35,no,d1102fab-54f9-6696-ca8b-dba0bdc4aa45
KXWTAMATCH-25NOV08SABRYB-RYB,2025-11-08T18:03:57.364132Z,0.99,12,no,3c9f89e5-75ed-619a-ccae-363d1c858641
KXWTAMATCH-25NOV08SABRYB-RYB,2025-11-08T18:03:50.587355Z,0.99,803,no,790f6961-f5c5-603e-6277-03723af34151
KXWTAMATCH-25NOV08SABRYB-RYB,2025-11-08T18:03:27.690562Z,0.99,157,no,5b957c25-f5c9-6ad6-10aa-948fab877a7d
KXWTAMATCH-25NOV08SABRYB-RYB,2025-11-08T18:03:21.886733Z,0.99,7,no,1b5c3504-8c0d-5df2-4ea1-45cd1ffc9c79
KXWTAMATCH-25NOV08SABRYB-RYB,2025-11-08T18:03:13.852118Z,0.99,21,no,c7ab364a-60f5-6616-a870-341329a8b1cd
KXWTAMATCH-25NOV08SABRYB-RYB,2025-11-08T18:03:10.823088Z,0.99,673,no,e23e12ca-9ce1-7e7e-65de-3696c5286981
KXWTAMATCH-25NOV08SABRYB-RYB,2025-11-08T18:03:10.823088Z,0.99,327,no,bc8dbbd8-4a12-78c5-4b78-409dc4faf8ab
KXWTAMATCH-25NOV08SABRYB-RYB,2025-11-08T18:02:46.67946Z,0.99,50,no,d082615a-d266-537d-41b7-20177ee989b7
KXWTAMATCH-25NOV08SABRYB-RYB,2025-11-08T18:02:41.248267Z,0.99,61,no,08a4d53e-1736-56e1-6d50-9ebdd2453c33
KXWTAMATCH-25NOV08SABRYB-RYB,2025-11-08T18:02:24.883801Z,0.99,30,no,e8564559-6bbe-678d-a699-4d64d271e8cf
KXWTAMATCH-25NOV08SABRYB-RYB,2025-11-08T18:02:22.917459Z,0.99,2,no,cc485fb6-d4f2-78f9-2fe2-028d56bcad57
KXWTAMATCH-25NOV08SABRYB-RYB,2025-11-08T18:02:10.163899Z,0.99,1947,no,b72e65d2-451e-696d-6e0c-5d74e29e63c7
KXWTAMATCH-25NOV08SABRYB-RYB,2025-11-08T18:02:03.075168Z,0.99,403,no,c4c9876c-2086-7b55-7986-f246e7a82d9f
KXWTAMATCH-25NOV08SABRYB-RYB,2025-11-08T18:02:01.625023Z,0.99,502,no,52aaca23-21ea-7c41-8828-ef2257facadf
KXWTAMATCH-25NOV08SABRYB-RYB,2025-11-08T18:02:01.168055Z,0.99,1,no,7da71a0d-872a-5de1-62dc-d2432116b9df
KXWTAMATCH-25NOV08SABRYB-RYB,2025-11-08T18:01:58.504843Z,0.99,20,no,68bb60af-4aec-6d24-6ccc-08d08e9442a8
KXWTAMATCH-25NOV08SABRYB-RYB,2025-11-08T18:01:58.504843Z,0.99,10,no,25c5cf25-5746-67d9-6772-b1ab97a018f7
KXWTAMATCH-25NOV08SABRYB-RYB,2025-11-08T18:01:53.314925Z,0.99,56,no,19af705b-0c34-5f14-9090-0b4bf5229f24
KXWTAMATCH-25NOV08SABRYB-RYB,2025-11-08T18:01:51.880656Z,0.99,15,no,ab248d3b-6e14-47e8-28ea-51bff5208cb4
KXWTAMATCH-25NOV08SABRYB-RYB,2025-11-08T18:01:46.67172Z,0.99,190,no,3c50477d-a2f4-6a04-431c-50a3191502b8
KXWTAMATCH-25NOV08SABRYB-RYB,2025-11-08T18:01:39.898016Z,0.99,341,no,4dc4e2a1-28c8-64ec-1334-f77a11a42f30
KXWTAMATCH-25NOV08SABRYB-RYB,2025-11-08T18:01:36.931433Z,0.99,49,no,ca710da8-7ffc-5150-350b-8dedf63c6bb0
KXWTAMATCH-25NOV08SABRYB-RYB,2025-11-08T18:01:32.75026Z,0.99,247,no,fa45e337-b900-6084-b245-84cebf76f5e8
KXWTAMATCH-25NOV08SABRYB-RYB,2025-11-08T18:01:30.081413Z,0.99,43,no,959a3807-f4d8-51bc-cf1b-8e2e4619287c
KXWTAMATCH-25NOV08SABRYB-RYB,2025-11-08T18:01:26.936279Z,0.99,3590,no,0ccc0b2f-96b0-61d8-749f-f2d2461b1fd4
KXWTAMATCH-25NOV08SABRYB-RYB,2025-11-08T18:01:24.902811Z,0.99,286,no,92dcdf59-ccf4-5b40-9d14-2951ea014ee4
KXWTAMATCH-25NOV08SABRYB-RYB,2025-11-08T18:01:15.654486Z,0.99,95,no,8096c42f-49cc-5020-c4d2-a6d4927d77c8
KXWTAMATCH-25NOV08SABRYB-RYB,2025-11-08T18:01:12.390689Z,0.99,27,no,bc8e70ad-2030-5c34-23a1-a775c1363974
KXWTAMATCH-25NOV08SABRYB-RYB,2025-11-08T18:01:10.643434Z,0.99,500,no,b13ec5a1-84ec-6118-4d50-5562d8a12a28
KXWTAMATCH-25NOV08SABRYB-RYB,2025-11-08T18:01:00.708787Z,0.99,166,no,c0828676-c6f0-5644-d30f-1eb2a4b04ef0
KXWTAMATCH-25NOV08SABRYB-RYB,2025-11-08T18:01:00.707141Z,0.99,400,no,6f01fe58-59b0-435c-4379-b22a048b4e9c
KXWTAMATCH-25NOV08SABRYB-RYB,2025-11-08T18:01:00.270677Z,0.99,4,no,1e4feadf-af0c-7c2c-897d-b9c3ebe79c84
KXWTAMATCH-25NOV08SABRYB-RYB,2025-11-08T18:00:54.238521Z,0.99,400,no,06776eab-75b4-6080-87be-6407a31c1038
KXWTAMATCH-25NOV08SABRYB-RYB,2025-11-08T18:00:50.081965Z,0.99,5187,no,467c24b2-692a-7970-cefc-790bbd1f4dfe
KXWTAMATCH-25NOV08SABRYB-RYB,2025-11-08T18:00:50.081965Z,0.99,3571,no,3d05d186-7fc0-74dc-e26d-bea6a90950a4
KXWTAMATCH-25NOV08SABRYB-RYB,2025-11-08T18:00:44.526935Z,0.99,137,no,6d33fee8-f956-4a24-669e-4d01ee219e86
KXWTAMATCH-25NOV08SABRYB-RYB,2025-11-08T18:00:39.310157Z,0.99,10,no,74f6a91b-9f66-6a70-f651-8a124e2656f6
KXWTAMATCH-25NOV08SABRYB-RYB,2025-11-08T18:00:38.892609Z,0.99,24,no,1d59a265-f836-7fac-1ac1-8976f0b32ffa
KXWTAMATCH-25NOV08SABRYB-RYB,2025-11-08T18:00:38.190863Z,0.99,1218,no,2379d1b7-adfe-44ec-0c74-e8325924ceca
KXWTAMATCH-25NOV08SABRYB-RYB,2025-11-08T18:00:36.198838Z,0.99,45,no,c4240d07-23b6-6e54-6e6d-a5dc305c639a
KXWTAMATCH-25NOV08SABRYB-RYB,2025-11-08T18:00:33.542581Z,0.99,5658,no,c9d0d46b-d7c2-7254-de74-59e4f7b62392
KXWTAMATCH-25NOV08SABRYB-RYB,2025-11-08T18:00:30.903283Z,0.99,305,no,e13a6538-2262-46fc-0801-f40140ceb3b6
KXWTAMATCH-25NOV08SABRYB-RYB,2025-11-08T18:00:27.427865Z,0.99,190,no,1b89a4c1-5306-7380-79f3-703e763d0dea
KXWTAMATCH-25NOV08SABRYB-RYB,2025-11-08T18:00:25.471738Z,0.99,1167,no,f2fd9ebd-a986-6764-6bc0-6a4ddfceb2f2
KXWTAMATCH-25NOV08SABRYB-RYB,2025-11-08T18:00:20.644716Z,0.99,500,no,762acf54-517c-4aab-5360-dbf5ee6525d6
KXWTAMATCH-25NOV08SABRYB-RYB,2025-11-08T18:00:20.644716Z,0.99,350,no,72ef8e1d-d3bb-43df-6b75-ef5562be171d
KXWTAMATCH-25NOV08SABRYB-RYB,2025-11-08T18:00:20.644716Z,0.99,3059,no,1e577319-a212-42f0-579c-73dcff4e634e
KXWTAMATCH-25NOV08SABRYB-RYB,2025-11-08T18:00:20.634372Z,0.99,50,no,55d06800-ec5f-47ab-2fa3-e922ff3e5149
KXWTAMATCH-25NOV08SABRYB-RYB,2025-11-08T18:00:19.682497Z,0.99,44,no,a85a1118-f197-7627-3e41-6006434ee1d9
KXWTAMATCH-25NOV08SABRYB-RYB,2025-11-08T18:00:18.763606Z,0.99,842,no,9fc8486b-ec57-714b-a8df-fc74f5ae6c65
KXWTAMATCH-25NOV08SABRYB-RYB,2025-11-08T18:00:16.462386Z,0.99,107,no,ebb63fbc-b4d7-6d83-f008-04abbaace4f9
KXWTAMATCH-25NOV08SABRYB-RYB,2025-11-08T18:00:15.539833Z,0.99,410,no,93c8f690-9dd7-6de3-c3bd-bb3186c5cadd
KXWTAMATCH-25NOV08SABRYB-RYB,2025-11-08T18:00:15.37371Z,0.99,97,no,ea7386b8-b1ef-5ffb-3766-3cc142d1ef89
KXWTAMATCH-25NOV08SABRYB-RYB,2025-11-08T18:00:15.37371Z,0.99,303,no,14de8274-1de7-5f81-381a-a78806acf969
KXWTAMATCH-25NOV08SABRYB-RYB,2025-11-08T18:00:14.682811Z,0.99,239,no,17425c96-918f-420d-0648-2ca6b36778bd
KXWTAMATCH-25NOV08SABRYB-RYB,2025-11-08T18:00:13.531689Z,0.99,516,no,9c916e1e-3acb-4381-fb00-8402ebc28bf5
KXWTAMATCH-25NOV08SABRYB-RYB,2025-11-08T18:00:11.972311Z,0.99,5,no,7976ca06-a477-42c1-5d3a-74f0824effa9
KXWTAMATCH-25NOV08SABRYB-RYB,2025-11-08T18:00:11.244541Z,0.99,104,no,34643b60-64ab-6511-ffab-91c82fe9f8b9
KXWTAMATCH-25NOV08SABRYB-RYB,2025-11-08T18:00:08.36233Z,0.99,25,no,0f819f49-1de3-6edd-093b-db220f490321
KXWTAMATCH-25NOV08SABRYB-RYB,2025-11-08T18:00:08.08697Z,0.99,106,no,dd80521c-13c3-46d1-fe47-4727c60b2ee9
KXWTAMATCH-25NOV08SABRYB-RYB,2025-11-08T18:00:07.656566Z,0.99,45,no,6e292577-d6e3-6d81-5e17-a21288fa4921
KXWTAMATCH-25NOV08SABRYB-RYB,2025-11-08T18:00:05.939662Z,0.99,36,no,c240f4a4-a537-75d1-d3c2-3c29d20a98e9
KXWTAMATCH-25NOV08SABRYB-RYB,2025-11-08T18:00:04.994139Z,0.99,200,no,ad81981b-631f-77a1-7941-7b7108822879
KXWTAMATCH-25NOV08SABRYB-RYB,2025-11-08T18:00:04.926381Z,0.99,1600,yes,082a2f53-53dc-7311-34b5-96c7c5ed1388
KXWTAMATCH-25NOV08SABRYB-RYB,2025-11-08T18:00:03.810462Z,0.99,250,no,4d43a15a-1825-54ec-7b25-20c28c033e20
KXWTAMATCH-25NOV08SABRYB-RYB,2025-11-08T18:00:03.499529Z,0.98,222,no,c57a3d99-2767-6378-403a-664773b88392
KXWTAMATCH-25NOV08SABRYB-RYB,2025-11-08T18:00:03.499529Z,0.99,599,no,c3550e1e-9597-67ea-4a78-7e626d3a8aad
KXWTAMATCH-25NOV08SABRYB-RYB,2025-11-08T18:00:03.499529Z,0.99,1579,no,6e1d46ca-fede-6030-55a4-c0b692135224
KXWTAMATCH-25NOV08SABRYB-RYB,2025-11-08T18:00:01.85732Z,0.99,280,yes,f214b5de-a985-625a-1e56-2a2f79dc4681
KXWTAMATCH-25NOV08SABRYB-RYB,2025-11-08T18:00:01.85732Z,0.99,1746,yes,9cba9bd9-9970-6874-091f-5a1e53cc8bc3
KXWTAMATCH-25NOV08SABRYB-RYB,2025-11-08T18:00:01.85732Z,0.99,100,yes,651c25de-2257-621f-3f74-e6ddbd047031
KXWTAMATCH-25NOV08SABRYB-RYB,2025-11-08T18:00:01.85732Z,0.99,700,yes,2d54177f-625f-66fd-3f0e-8001d19b68f7
KXWTAMATCH-25NOV08SABRYB-RYB,2025-11-08T18:00:01.211441Z,0.98,96,no,f73cb965-e155-61c4-34c1-587b10a70c8e
KXWTAMATCH-25NOV08SABRYB-RYB,2025-11-08T17:59:59.763737Z,0.99,504,yes,634b0037-fbf9-5bd6-08e0-8149c6359619
KXWTAMATCH-25NOV08SABRYB-RYB,2025-11-08T17:59:54.769989Z,0.98,174,yes,5296177c-77d5-500e-f2ba-f292c50ee451
KXWTAMATCH-25NOV08SABRYB-RYB,2025-11-08T17:59:54.769989Z,0.98,1453,yes,38785737-7be9-579e-d9a9-ce3044ea4f08
KXWTAMATCH-25NOV08SABRYB-RYB,2025-11-08T17:59:54.769989Z,0.98,873,yes,039f2e4d-3746-5097-efa8-05b5f83a05fc
KXWTAMATCH-25NOV08SABRYB-RYB,2025-11-08T17:59:51.449094Z,0.97,38,no,56638bbb-362d-7af7-b575-2787314b46b5
KXWTAMATCH-25NOV08SABRYB-RYB,2025-11-08T17:59:48.960597Z,0.98,700,yes,b83ef5c2-3fba-7be3-55a1-4bd6d745a690
KXWTAMATCH-25NOV08SABRYB-RYB,2025-11-08T17:59:46.319038Z,0.98,20,yes,6cf00ce3-85ca-5c3f-965c-878ef8981098
KXWTAMATCH-25NOV08SABRYB-RYB,2025-11-08T17:59:46.116106Z,0.98,241,yes,a68cc33c-69aa-5e2b-c8e5-81e2dfa629cc
KXWTAMATCH-25NOV08SABRYB-RYB,2025-11-08T17:59:44.636303Z,0.97,100,no,e7685400-de80-679b-4b75-21059cabe5de
KXWTAMATCH-25NOV08SABRYB-RYB,2025-11-08T17:59:44.636303Z,0.97,52,no,a40f1e4b-9c31-6c17-70d9-4eba3d83eae5
KXWTAMATCH-25NOV08SABRYB-RYB,2025-11-08T17:59:44.636303Z,0.97,100,no,6a671b49-3d36-67ee-42a5-285fa2bafeb4
KXWTAMATCH-25NOV08SABRYB-RYB,2025-11-08T17:59:44.633895Z,0.98,173,yes,f5ba44ba-b0e6-534b-a5af-65d7e5a0ab50
KXWTAMATCH-25NOV08SABRYB-RYB,2025-11-08T17:59:42.721515Z,0.98,4993,yes,19680592-f2ce-5ad3-02b2-dfe3ae4b9494
KXWTAMATCH-25NOV08SABRYB-RYB,2025-11-08T17:59:41.699387Z,0.97,72,no,875ab40f-4d86-6922-fc44-b4264371cef2
KXWTAMATCH-25NOV08SABRYB-RYB,2025-11-08T17:59:41.306014Z,0.97,30,no,aeaec995-7a72-6116-33e6-6f89e435b546
KXWTAMATCH-25NOV08SABRYB-RYB,2025-11-08T17:59:38.884036Z,0.99,471,yes,cb403737-b73f-4748-d9ef-120c1f430caf
KXWTAMATCH-25NOV08SABRYB-RYB,2025-11-08T17:59:38.884036Z,0.99,216,yes,bb12994d-8ed5-4b52-c77d-334275b230a5
KXWTAMATCH-25NOV08SABRYB-RYB,2025-11-08T17:59:38.884036Z,0.98,48,yes,5275cef4-45e2-4a13-e504-7ea8c50d9ad9
KXWTAMATCH-25NOV08SABRYB-RYB,2025-11-08T17:59:38.828281Z,0.97,13,no,4fb6e5ca-fa2e-71ba-fd2f-97b974af988a
KXWTAMATCH-25NOV08SABRYB-RYB,2025-11-08T17:59:37.242727Z,0.98,22,yes,7fdfb357-03d6-50ab-cf95-46d976262ae1
KXWTAMATCH-25NOV08SABRYB-RYB,2025-11-08T17:59:36.699502Z,0.97,93,no,9dff5ca6-c1e6-47f6-7868-46ae317ffee6
KXWTAMATCH-25NOV08SABRYB-RYB,2025-11-08T17:59:35.952436Z,0.97,200,no,0a9b99a4-1a86-4e16-1a6e-02c8e8c5d38e
KXWTAMATCH-25NOV08SABRYB-RYB,2025-11-08T17:59:35.909832Z,0.97,126,no,c240ab01-8416-502e-9041-d1241308396a
KXWTAMATCH-25NOV08SABRYB-RYB,2025-11-08T17:59:35.782757Z,0.98,76,yes,b79a707e-a68a-77f7-4862-cb7d49b50ea5
KXWTAMATCH-25NOV08SABRYB-RYB,2025-11-08T17:59:35.499863Z,0.98,1,yes,f0cbcd24-2f8e-641b-9b67-c19edfce9615
KXWTAMATCH-25NOV08SABRYB-RYB,2025-11-08T17:59:30.807451Z,0.97,50,no,17417044-235a-73a6-4a56-af3b55af16c6
KXWTAMATCH-25NOV08SABRYB-RYB,2025-11-08T17:59:30.311449Z,0.97,1,no,03cce750-5fa6-6e7e-5013-25469c4f7656
KXWTAMATCH-25NOV08SABRYB-RYB,2025-11-08T17:59:28.484878Z,0.97,295,no,8d1036ba-8782-632e-da92-00cb38a7ecd2
KXWTAMATCH-25NOV08SABRYB-RYB,2025-11-08T17:59:28.00038Z,0.97,27,no,583e8f45-b9ae-621a-c6ad-3cfdcf424f4e
KXWTAMATCH-25NOV08SABRYB-RYB,2025-11-08T17:59:27.104859Z,0.97,216,no,fef153f5-d16b-4c29-0eac-b0ec6d50307c
KXWTAMATCH-25NOV08SABRYB-RYB,2025-11-08T17:59:27.104859Z,0.97,57,no,b45779f6-9ce2-482e-36cb-224b6c85cc46
KXWTAMATCH-25NOV08SABRYB-RYB,2025-11-08T17:59:24.529529Z,0.97,75,no,8cd731e0-c133-4785-c4fd-468e011b29a0
KXWTAMATCH-25NOV08SABRYB-RYB,2025-11-08T17:59:24.011193Z,0.97,214,no,4ada7022-0797-6489-a9e0-c4f214a2e510
KXWTAMATCH-25NOV08SABRYB-RYB,2025-11-08T17:59:23.568872Z,0.98,10,yes,1937f508-a002-790b-2a61-caae525a1aa1
KXWTAMATCH-25NOV08SABRYB-RYB,2025-11-08T17:59:22.766285Z,0.97,5,no,8a706432-369f-73a9-7441-ca519c19d240
KXWTAMATCH-25NOV08SABRYB-RYB,2025-11-08T17:59:22.172772Z,0.97,5,yes,b5bf8a9a-2a05-6f15-8804-10c177f8b110
KXWTAMATCH-25NOV08SABRYB-RYB,2025-11-08T17:59:22.172772Z,0.97,84,yes,32500e03-6c69-657f-91bd-ec341c344afe
KXWTAMATCH-25NOV08SABRYB-RYB,2025-11-08T17:59:21.325932Z,0.96,5,yes,fa064773-ec04-6955-c51a-f84ef30bda5a
KXWTAMATCH-25NOV08SABRYB-RYB,2025-11-08T17:59:21.325932Z,0.96,60,yes,424c2011-0814-601d-d2f0-1447545354e9
KXWTAMATCH-25NOV08SABRYB-RYB,2025-11-08T17:59:20.523639Z,0.95,2000,yes,68e69371-ea51-72c3-a07f-890736e5c651
KXWTAMATCH-25NOV08SABRYB-RYB,2025-11-08T17:59:20.523639Z,0.95,424,yes,22a2ac95-b7d6-72e6-8cd3-0f8019279b34
KXWTAMATCH-25NOV08SABRYB-RYB,2025-11-08T17:59:18.274652Z,0.95,104,yes,2d05c0b1-f31e-62ae-711d-fb16b5c1c8a8
KXWTAMATCH-25NOV08SABRYB-RYB,2025-11-08T17:59:17.460507Z,0.94,1000,no,cfb7dc10-a530-6388-0c07-3197003a306c
KXWTAMATCH-25NOV08SABRYB-RYB,2025-11-08T17:59:17.460507Z,0.94,100,no,801afd8d-84fb-6a14-1084-95875cdc9d4d
KXWTAMATCH-25NOV08SABRYB-RYB,2025-11-08T17:59:17.460507Z,0.94,5,no,60883061-5053-664f-3e05-970ec1e97d9e
KXWTAMATCH-25NOV08SABRYB-RYB,2025-11-08T17:59:17.460507Z,0.94,100,no,3b00dfa5-e258-648b-0717-11814f3a382b
KXWTAMATCH-25NOV08SABRYB-RYB,2025-11-08T17:59:15.324254Z,0.95,534,yes,060d743c-ba3e-4e8f-954d-fb0c97b78b8a
KXWTAMATCH-25NOV08SABRYB-RYB,2025-11-08T17:59:13.251064Z,0.95,1106,yes,f428785d-ad08-4551-9829-e24678b526ae
KXWTAMATCH-25NOV08SABRYB-RYB,2025-11-08T17:59:13.251064Z,0.95,560,yes,9239dc9d-d3e5-4de7-8288-085a3c6ffd71
KXWTAMATCH-25NOV08SABRYB-RYB,2025-11-08T17:59:13.251064Z,0.95,2000,yes,67e405c0-e66e-4195-8c7d-eba07aebcfbe
KXWTAMATCH-25NOV08SABRYB-RYB,2025-11-08T17:59:12.211162Z,0.93,20,no,8c64f340-a2d7-6d6c-7bc0-44dff6fd2eb9
KXWTAMATCH-25NOV08SABRYB-RYB,2025-11-08T17:59:11.671621Z,0.95,106,yes,3111eb34-a438-629d-2a15-8d47f2e760b2
KXWTAMATCH-25NOV08SABRYB-RYB,2025-11-08T17:59:10.084129Z,0.95,1048,yes,bc84c3d2-5664-4461-a7f2-2bbbe69114aa
KXWTAMATCH-25NOV08SABRYB-RYB,2025-11-08T17:59:10.078823Z,0.95,202,yes,b40f76b5-4200-75c1-580d-3f7ec3f8ea22
KXWTAMATCH-25NOV08SABRYB-RYB,2025-11-08T17:59:09.746745Z,0.95,2097,yes,d17a3ef3-a774-6fb1-77fc-3de32944ecba
KXWTAMATCH-25NOV08SABRYB-RYB,2025-11-08T17:59:08.898857Z,0.95,2500,yes,79ee5d71-60e8-4bad-330c-c2aa3245be2e
KXWTAMATCH-25NOV08SABRYB-RYB,2025-11-08T17:59:07.833432Z,0.95,30,yes,97be6189-4624-53a9-36e4-c1dc2ee38e2a
KXWTAMATCH-25NOV08SABRYB-RYB,2025-11-08T17:59:07.471519Z,0.93,40,no,77b5f903-1d77-4ab0-59d0-68f927b9ac01
KXWTAMATCH-25NOV08SABRYB-RYB,2025-11-08T17:59:07.047915Z,0.95,210,yes,830b475f-f464-7c51-00f4-c4c08f35fe82
KXWTAMATCH-25NOV08SABRYB-RYB,2025-11-08T17:59:06.33814Z,0.95,2701,yes,2a1de86a-aea4-5605-82f5-5453eb32d62a
KXWTAMATCH-25NOV08SABRYB-RYB,2025-11-08T17:59:06.33814Z,0.95,477,yes,13022905-bc1b-5876-875a-dd59540a2099
KXWTAMATCH-25NOV08SABRYB-RYB,2025-11-08T17:59:05.320378Z,0.95,58,yes,62554f6c-537f-406e-7b37-d323bc630951
KXWTAMATCH-25NOV08SABRYB-RYB,2025-11-08T17:59:03.733048Z,0.95,50,yes,413d9fe6-d847-6f9e-bf95-a9d5f3675fad
KXWTAMATCH-25NOV08SABRYB-RYB,2025-11-08T17:59:01.851471Z,0.95,5,yes,b82b7d53-3bf7-48f2-6cb2-76a224f1f819
KXWTAMATCH-25NOV08SABRYB-RYB,2025-11-08T17:59:00.697958Z,0.95,599,yes,685aaf4e-7386-55f1-4950-bb20c51dcef5
KXWTAMATCH-25NOV08SABRYB-RYB,2025-11-08T17:58:58.666221Z,0.95,1,yes,b310461b-b239-5f36-1392-1c0522ea8a0e
KXWTAMATCH-25NOV08SABRYB-RYB,2025-11-08T17:58:57.919808Z,0.93,200,no,ecdc1c2c-e687-5ba4-59be-d5004716333d
KXWTAMATCH-25NOV08SABRYB-RYB,2025-11-08T17:58:57.108515Z,0.94,503,no,76ef3714-e809-6623-b3d8-5ef0140e69f7
KXWTAMATCH-25NOV08SABRYB-RYB,2025-11-08T17:58:57.108515Z,0.94,100,no,52d5c43b-ef2d-68cf-ae31-8973ea3ecb28
KXWTAMATCH-25NOV08SABRYB-RYB,2025-11-08T17:58:54.896601Z,0.92,200,yes,a6d2eecc-598f-6b6d-d640-7f8a6e71213e
KXWTAMATCH-25NOV08SABRYB-RYB,2025-11-08T17:58:53.348724Z,0.87,15,no,eb44fc9c-a3d6-74a9-61ca-e148b31e18c0
KXWTAMATCH-25NOV08SABRYB-RYB,2025-11-08T17:58:53.02161Z,0.92,5,yes,ffc38947-8de4-6985-99b8-f7711ed28066
KXWTAMATCH-25NOV08SABRYB-RYB,2025-11-08T17:58:53.02161Z,0.89,155,yes,f710c7f5-0771-6207-89f6-9ba254f2c1b8
KXWTAMATCH-25NOV08SABRYB-RYB,2025-11-08T17:58:53.02161Z,0.94,93,yes,e02fd155-4d42-671c-915f-79b986f0c3af
KXWTAMATCH-25NOV08SABRYB-RYB,2025-11-08T17:58:53.02161Z,0.91,277,yes,dc5dd54e-02a4-68b4-9161-a84ef8947a16
KXWTAMATCH-25NOV08SABRYB-RYB,2025-11-08T17:58:53.02161Z,0.94,70,yes,76aa5605-2f0e-6fa0-8db6-f1507b3517c0
KXWTAMATCH-25NOV08SABRYB-RYB,2025-11-08T17:58:52.842859Z,0.89,445,yes,6386c907-3b45-633b-9502-f88bdfdb70fc
KXWTAMATCH-25NOV08SABRYB-RYB,2025-11-08T17:58:50.347761Z,0.88,55,yes,acb160a9-4eea-6e48-74ea-b24636e0fa31
KXWTAMATCH-25NOV08SABRYB-RYB,2025-11-08T17:58:48.844431Z,0.89,100,yes,f5775224-7b91-428f-ee7a-09be7534a71c
KXWTAMATCH-25NOV08SABRYB-RYB,2025-11-08T17:58:47.412149Z,0.9,1579,yes,f1744838-066c-693e-56fd-5ef39a24d7ee
KXWTAMATCH-25NOV08SABRYB-RYB,2025-11-08T17:58:47.412149Z,0.9,1406,yes,d3019c6e-7815-6e46-66b5-7cc15e19a23b
KXWTAMATCH-25NOV08SABRYB-RYB,2025-11-08T17:58:47.074018Z,0.9,454,yes,ca6ff0ad-83c9-5dfa-51b2-3d4b471f0743
KXWTAMATCH-25NOV08SABRYB-RYB,2025-11-08T17:58:46.968752Z,0.9,40,yes,d187107d-2be9-451e-d8bb-ada5cd93e39b
KXWTAMATCH-25NOV08SABRYB-RYB,2025-11-08T17:58:46.767963Z,0.9,100,yes,6cca9d9d-b73d-6d4a-84e9-28376fbf7e13
KXWTAMATCH-25NOV08SABRYB-RYB,2025-11-08T17:58:46.069604Z,0.87,6,no,fab6f0b0-4e9e-60f9-64bf-dc98ae29de3c
KXWTAMATCH-25NOV08SABRYB-RYB,2025-11-08T17:58:46.069604Z,0.87,94,no,5dbe2c8d-626e-6eca-6ba6-dceb1b5dc729
KXWTAMATCH-25NOV08SABRYB-RYB,2025-11-08T17:58:45.650556Z,0.87,94,no,c125c338-f590-598b-8707-93cfec807490
KXWTAMATCH-25NOV08SABRYB-RYB,2025-11-08T17:58:45.650556Z,0.87,906,no,68c0cacf-d3b2-59be-acfd-57900251d51d
KXWTAMATCH-25NOV08SABRYB-RYB,2025-11-08T17:58:42.031069Z,0.89,50,yes,b2426d20-cdb5-64a3-db6b-ee560ae8bfc1
KXWTAMATCH-25NOV08SABRYB-RYB,2025-11-08T17:58:42.031069Z,0.89,1048,yes,6308e704-66ba-6b46-c3ee-d3d7bb193e24
KXWTAMATCH-25NOV08SABRYB-RYB,2025-11-08T17:58:41.890518Z,0.88,130,no,2a10cbc6-5bf1-4a31-c000-fc3c4a70a844
KXWTAMATCH-25NOV08SABRYB-RYB,2025-11-08T17:58:38.829296Z,0.89,20,yes,010a73a1-07d2-41ea-ab69-7b1e9b266ec0
KXWTAMATCH-25NOV08SABRYB-RYB,2025-11-08T17:58:38.472749Z,0.89,11,yes,6d5a8767-76de-7102-89b5-3bdf97269664
KXWTAMATCH-25NOV08SABRYB-RYB,2025-11-08T17:58:36.290657Z,0.89,500,yes,45420526-9276-4f36-c40a-591d9f6d4420
KXWTAMATCH-25NOV08SABRYB-RYB,2025-11-08T17:58:35.765486Z,0.89,609,yes,cc56723e-ddf2-7d43-cd1f-4864ed53e2ec
KXWTAMATCH-25NOV08SABRYB-RYB,2025-11-08T17:58:35.623841Z,0.87,1267,no,e1fd2d97-2b9c-522f-fdc0-a3862f56e17c
KXWTAMATCH-25NOV08SABRYB-RYB,2025-11-08T17:58:34.449871Z,0.89,495,yes,3c24979b-fba2-794f-df54-57baeba66e5c
KXWTAMATCH-25NOV08SABRYB-RYB,2025-11-08T17:58:31.773353Z,0.89,27,yes,fae09421-de3e-691f-3e4b-b0891b5f3354
KXWTAMATCH-25NOV08SABRYB-RYB,2025-11-08T17:58:30.984791Z,0.88,500,yes,25ee91a3-2b24-4018-f69e-84a5eb23fbcb
KXWTAMATCH-25NOV08SABRYB-RYB,2025-11-08T17:58:30.48464Z,0.88,2,yes,bf7ab42e-7424-7ea4-bf46-90e4d9ba55ff
KXWTAMATCH-25NOV08SABRYB-RYB,2025-11-08T17:58:30.389173Z,0.88,547,yes,c7385249-44ee-763d-2809-4d63335bfd77
KXWTAMATCH-25NOV08SABRYB-RYB,2025-11-08T17:58:30.389173Z,0.89,448,yes,aa3ff2f0-8632-782b-32bd-6a377bfedb24
KXWTAMATCH-25NOV08SABRYB-RYB,2025-11-08T17:58:30.389173Z,0.89,5,yes,983fd8ec-89ab-75ba-1415-230c1b31e836
KXWTAMATCH-25NOV08SABRYB-RYB,2025-11-08T17:58:29.134718Z,0.89,6,yes,2990d020-c768-788e-d225-dd8d5352b05c
KXWTAMATCH-25NOV08SABRYB-RYB,2025-11-08T17:58:28.255414Z,0.89,431,yes,ececba6d-982c-6716-01eb-acef3f0ffc9c
KXWTAMATCH-25NOV08SABRYB-RYB,2025-11-08T17:58:28.255414Z,0.88,569,yes,3440c489-bd5c-691d-1690-ce72e7e40cfb
KXWTAMATCH-25NOV08SABRYB-RYB,2025-11-08T17:58:27.795754Z,0.87,200,no,33e7efbe-1b78-695f-1580-1f6936277a74
KXWTAMATCH-25NOV08SABRYB-RYB,2025-11-08T17:58:27.077933Z,0.88,531,yes,e943009e-bf67-7847-3de2-2fa0e5b366ab
KXWTAMATCH-25NOV08SABRYB-RYB,2025-11-08T17:58:27.065889Z,0.88,38,no,21ae3e69-fad5-718e-2de0-c5af32c01bbf
KXWTAMATCH-25NOV08SABRYB-RYB,2025-11-08T17:58:25.919641Z,0.88,50,yes,61411f73-9531-559f-d95c-fa200f0d7673
KXWTAMATCH-25NOV08SABRYB-RYB,2025-11-08T17:58:25.919641Z,0.88,455,yes,4b594272-3015-552f-f004-37ea22f5ade3
KXWTAMATCH-25NOV08SABRYB-RYB,2025-11-08T17:58:25.408751Z,0.88,84,yes,b220f191-0ef1-6af7-fac7-f0d2754d3f77
KXWTAMATCH-25NOV08SABRYB-RYB,2025-11-08T17:58:24.605273Z,0.88,56,yes,0dd9e026-93d9-7eb7-95d6-b1530a8bda8f
KXWTAMATCH-25NOV08SABRYB-RYB,2025-11-08T17:58:23.444008Z,0.88,300,yes,a6968bdb-843d-6b20-59b4-e5605a599742
KXWTAMATCH-25NOV08SABRYB-RYB,2025-11-08T17:58:23.444008Z,0.88,200,yes,6323633a-47a1-6e2a-4f9b-ecd665ba8f8a
KXWTAMATCH-25NOV08SABRYB-RYB,2025-11-08T17:58:23.444008Z,0.88,598,yes,15c82c57-5d36-686a-672d-9e2b1ca61ca7
KXWTAMATCH-25NOV08SABRYB-RYB,2025-11-08T17:58:22.916778Z,0.87,31,no,de882e9e-71e0-4acb-cbac-35aac0b2e19b
KXWTAMATCH-25NOV08SABRYB-RYB,2025-11-08T17:58:22.916778Z,0.87,69,no,a14c81b4-70c9-442a-c7cf-aa1c3d8b101c
KXWTAMATCH-25NOV08SABRYB-RYB,2025-11-08T17:58:22.798275Z,0.87,20,no,3a9c6c59-1688-424a-019d-8a9f91b45a0f
KXWTAMATCH-25NOV08SABRYB-RYB,2025-11-08T17:58:21.294435Z,0.86,740,no,c3c663d7-b606-5e85-38d6-278725660c39
KXWTAMATCH-25NOV08SABRYB-RYB,2025-11-08T17:58:21.208372Z,0.86,10,no,9b78519e-455a-733d-cfff-72b6d923f571
KXWTAMATCH-25NOV08SABRYB-RYB,2025-11-08T17:58:20.029691Z,0.86,222,no,4e0f8c73-269a-4c25-cec9-3ac30dd811dd
KXWTAMATCH-25NOV08SABRYB-RYB,2025-11-08T17:58:19.922879Z,0.86,250,no,5751dd02-72d2-5225-5b42-4f49030eed5d
KXWTAMATCH-25NOV08SABRYB-RYB,2025-11-08T17:58:18.506893Z,0.86,897,yes,be5d35c1-4085-52e6-857a-cb069777d5a0
KXWTAMATCH-25NOV08SABRYB-RYB,2025-11-08T17:58:18.397842Z,0.86,103,yes,5f7c6b37-557d-6192-65ad-7f0df6048158
KXWTAMATCH-25NOV08SABRYB-RYB,2025-11-08T17:58:17.56569Z,0.85,3,yes,f5820df8-b615-45ff-6da6-01a30f80338f
KXWTAMATCH-25NOV08SABRYB-RYB,2025-11-08T17:58:15.231659Z,0.84,357,yes,dd7ccb27-ccab-6358-d9fc-2f5a26e07f34
KXWTAMATCH-25NOV08SABRYB-RYB,2025-11-08T17:58:15.231659Z,0.84,143,yes,7760540f-788d-613b-fafa-1d5f8a746d21
KXWTAMATCH-25NOV08SABRYB-RYB,2025-11-08T17:58:12.677608Z,0.84,50,yes,ab102621-8f1b-5f32-7e4c-aa15e7c073c5
KXWTAMATCH-25NOV08SABRYB-RYB,2025-11-08T17:58:12.677608Z,0.84,147,yes,aa249910-bc20-59ee-46bf-5239ab9ab9f4
KXWTAMATCH-25NOV08SABRYB-RYB,2025-11-08T17:58:12.677608Z,0.84,3,yes,17c08583-b8ca-5ebd-6998-0a1f4503a1f7
KXWTAMATCH-25NOV08SABRYB-RYB,2025-11-08T17:58:12.62459Z,0.82,100,no,b349c19e-ef87-5240-1330-6a4cdbcab5ac
KXWTAMATCH-25NOV08SABRYB-RYB,2025-11-08T17:58:11.996095Z,0.84,1000,yes,59fd19c3-1889-799c-fe55-24c1bccf02e5
KXWTAMATCH-25NOV08SABRYB-RYB,2025-11-08T17:58:10.365159Z,0.84,2,yes,228d3faa-916d-79ec-ec59-511cb04d0729
KXWTAMATCH-25NOV08SABRYB-RYB,2025-11-08T17:58:10.338758Z,0.84,117,yes,10adba38-d1c1-43c4-1e07-ac065b938121
KXWTAMATCH-25NOV08SABRYB-RYB,2025-11-08T17:58:09.902456Z,0.82,127,no,e9b17b08-5968-7f9e-0de9-ad25a610dfb4
KXWTAMATCH-25NOV08SABRYB-RYB,2025-11-08T17:58:08.51882Z,0.84,438,yes,7f96bcd5-0855-5c48-5609-3c38969bd985
KXWTAMATCH-25NOV08SABRYB-RYB,2025-11-08T17:58:08.51882Z,0.83,150,yes,5423e99d-0fca-5025-4c09-790a4987975d
KXWTAMATCH-25NOV08SABRYB-RYB,2025-11-08T17:58:06.778964Z,0.83,5,yes,d5e22407-28ab-5e71-235d-4c55bbd5128c
KXWTAMATCH-25NOV08SABRYB-RYB,2025-11-08T17:58:06.778964Z,0.83,48,yes,d04215d0-9c58-548a-0b64-dacc3a9cbe8a
KXWTAMATCH-25NOV08SABRYB-RYB,2025-11-08T17:58:06.778964Z,0.83,184,yes,c8f53aec-e65e-5377-2e01-a360d7feaeb5
KXWTAMATCH-25NOV08SABRYB-RYB,2025-11-08T17:58:06.752461Z,0.82,26,no,aef59357-c9f0-5c22-49dd-3965f99b8b94
KXWTAMATCH-25NOV08SABRYB-RYB,2025-11-08T17:58:05.653647Z,0.82,450,no,78eea4fd-2b6c-6bea-456a-00b2eb68dc00
KXWTAMATCH-25NOV08SABRYB-RYB,2025-11-08T17:58:04.833608Z,0.82,48,yes,ccc26de8-f001-52a3-205d-8f0c21d26d4a
KXWTAMATCH-25NOV08SABRYB-RYB,2025-11-08T17:58:03.081866Z,0.82,120,yes,9d26d53f-6775-706f-1e7b-8d58e4f59c0e
KXWTAMATCH-25NOV08SABRYB-RYB,2025-11-08T17:58:01.774826Z,0.81,8,no,2a88ec4d-6663-453f-9092-d481902a5844
KXWTAMATCH-25NOV08SABRYB-RYB,2025-11-08T17:58:01.563162Z,0.82,5,yes,b0cbf264-958d-409b-e5fd-1404a9cb8516
KXWTAMATCH-25NOV08SABRYB-RYB,2025-11-08T17:57:59.891666Z,0.82,40,yes,77224417-18d9-641f-31fd-7b7b40c81b6e
KXWTAMATCH-25NOV08SABRYB-RYB,2025-11-08T17:57:58.954707Z,0.81,1000,no,cd435502-260e-7ae5-eb67-bbc211e00c31
KXWTAMATCH-25NOV08SABRYB-RYB,2025-11-08T17:57:58.954707Z,0.81,69,no,51d1d1ef-5ccf-7e9f-fa47-b25e9a9b5004
KXWTAMATCH-25NOV08SABRYB-RYB,2025-11-08T17:57:58.954707Z,0.81,98,no,2f1a3d31-1fda-74bd-e520-44253f1d5882
KXWTAMATCH-25NOV08SABRYB-RYB,2025-11-08T17:57:58.37152Z,0.82,36,yes,29e37088-9e1d-5acb-a0fd-d24f35c1196a
KXWTAMATCH-25NOV08SABRYB-RYB,2025-11-08T17:57:57.659678Z,0.81,2,no,22d41e7a-1b16-44e9-9004-4e8b9c3a14b6
KXWTAMATCH-25NOV08SABRYB-RYB,2025-11-08T17:57:53.911668Z,0.82,1,yes,cc1091cf-3d05-7a2f-2964-df4142d12c3a
KXWTAMATCH-25NOV08SABRYB-RYB,2025-11-08T17:57:51.540882Z,0.81,250,yes,a0855c4c-5297-707b-7fc0-4ab4448f7648
KXWTAMATCH-25NOV08SABRYB-RYB,2025-11-08T17:57:51.540882Z,0.81,599,yes,5c316f48-7a50-7375-6d9e-5bd8a230f73f
KXWTAMATCH-25NOV08SABRYB-RYB,2025-11-08T17:57:51.540882Z,0.81,599,yes,138d03ad-51a5-703e-67ba-c96477a3edce
KXWTAMATCH-25NOV08SABRYB-RYB,2025-11-08T17:57:51.085027Z,0.8,500,no,cb29d134-3986-60eb-bb0f-be326e4e2437
KXWTAMATCH-25NOV08SABRYB-RYB,2025-11-08T17:57:50.19282Z,0.8,32,no,e1097806-d25a-4967-c883-4386a4a11317
KXWTAMATCH-25NOV08SABRYB-RYB,2025-11-08T17:57:48.767926Z,0.8,599,yes,fd8c156e-a8d9-6492-19f9-09e0c1c55e52
KXWTAMATCH-25NOV08SABRYB-RYB,2025-11-08T17:57:48.767926Z,0.78,100,yes,f6e20231-275d-6165-329c-e944426b4683
KXWTAMATCH-25NOV08SABRYB-RYB,2025-11-08T17:57:48.767926Z,0.8,300,yes,e1394269-6797-6ad0-0a6c-2cc1c81a77ed
KXWTAMATCH-25NOV08SABRYB-RYB,2025-11-08T17:57:48.767926Z,0.79,44,yes,cfa27d03-0e1c-68b3-39ba-2b973f21fb77
KXWTAMATCH-25NOV08SABRYB-RYB,2025-11-08T17:57:48.767926Z,0.8,600,yes,a13e0971-474a-6490-31ae-61320956f421
KXWTAMATCH-25NOV08SABRYB-RYB,2025-11-08T17:57:48.767926Z,0.78,5,yes,9c7a9575-7b19-62a9-3617-25a95c883e91
KXWTAMATCH-25NOV08SABRYB-RYB,2025-11-08T17:57:48.767926Z,0.79,113,yes,4f3c7a2f-15ba-66a8-06e6-5d3d31eaf0d2
KXWTAMATCH-25NOV08SABRYB-RYB,2025-11-08T17:57:48.767926Z,0.8,599,yes,40e4b059-b775-62ef-39c9-b39d996ad225
KXWTAMATCH-25NOV08SABRYB-RYB,2025-11-08T17:57:48.767926Z,0.79,5,yes,2478dcdc-d93c-6222-0329-d1e383887c57
KXWTAMATCH-25NOV08SABRYB-RYB,2025-11-08T17:57:48.767926Z,0.79,2,yes,1a21cb28-7afb-6641-369e-6b4d62e61d6c
KXWTAMATCH-25NOV08SABRYB-RYB,2025-11-08T17:57:46.97284Z,0.77,200,yes,1121edb3-016f-52c8-a963-5b5ecfcf9bc9
KXWTAMATCH-25NOV08SABRYB-RYB,2025-11-08T17:57:46.042807Z,0.77,894,yes,a7715a87-c167-76f7-a7c3-9355c7a66623
KXWTAMATCH-25NOV08SABRYB-RYB,2025-11-08T17:57:46.042807Z,0.77,106,yes,1dc910de-8940-783e-8c83-023df0ee6a9f
KXWTAMATCH-25NOV08SABRYB-RYB,2025-11-08T17:57:45.838967Z,0.75,200,no,9304b0e3-af6e-75a6-055a-1ebdc43ef8de
KXWTAMATCH-25NOV08SABRYB-RYB,2025-11-08T17:57:45.838967Z,0.75,14,no,7edf4800-f091-7a84-3946-222b27ec0bfe
KXWTAMATCH-25NOV08SABRYB-RYB,2025-11-08T17:57:45.457635Z,0.77,31,yes,ac6fa55a-a75c-58ca-ba80-97da31e67e7b
KXWTAMATCH-25NOV08SABRYB-RYB,2025-11-08T17:57:41.817622Z,0.75,86,no,c62e340e-8119-60b8-e976-e410cdf0ba5a
KXWTAMATCH-25NOV08SABRYB-RYB,2025-11-08T17:57:41.817622Z,0.75,45,no,303ba2e0-6d3e-601a-dfca-62d50e79dd3f
KXWTAMATCH-25NOV08SABRYB-RYB,2025-11-08T17:57:38.056536Z,0.76,1,yes,1194ed60-f383-43d1-24d4-0a0504d673e1
KXWTAMATCH-25NOV08SABRYB-RYB,2025-11-08T17:57:35.116391Z,0.76,140,yes,6c57bc68-5bcf-4a16-ba0a-76c8128dff20
KXWTAMATCH-25NOV08SABRYB-RYB,2025-11-08T17:57:34.519475Z,0.76,129,yes,98df6179-e39f-4cfa-a318-193576a61ebc
KXWTAMATCH-25NOV08SABRYB-RYB,2025-11-08T17:57:34.108238Z,0.76,1000,yes,82f35231-4733-671a-5351-bca3ac45d960
KXWTAMATCH-25NOV08SABRYB-RYB,2025-11-08T17:57:31.178544Z,0.76,25,yes,7df5ab76-023b-69ee-02ee-50973d384a48
KXWTAMATCH-25NOV08SABRYB-RYB,2025-11-08T17:57:28.917258Z,0.76,107,yes,a75e32cf-3dc3-7152-3474-23d94021238c
KXWTAMATCH-25NOV08SABRYB-RYB,2025-11-08T17:57:28.846582Z,0.76,96,yes,98750544-39c3-75d2-ce1f-6ea5ba78fe00
KXWTAMATCH-25NOV08SABRYB-RYB,2025-11-08T17:57:28.673238Z,0.76,2,yes,96fa9714-f0db-7516-b13b-8c5ce3a77a88
KXWTAMATCH-25NOV08SABRYB-RYB,2025-11-08T17:57:28.584827Z,0.75,5,no,a0498c8d-7ef2-640e-c5dd-d52768c61047
KXWTAMATCH-25NOV08SABRYB-RYB,2025-11-08T17:57:24.784798Z,0.77,43,yes,b0a02d1b-c996-4649-7ddd-da6c568fdb85
KXWTAMATCH-25NOV08SABRYB-RYB,2025-11-08T17:57:24.736548Z,0.77,756,yes,9eb138cd-2b06-5f69-f58d-8c4952d9a851
KXWTAMATCH-25NOV08SABRYB-RYB,2025-11-08T17:57:24.736548Z,0.77,138,yes,465e1728-baeb-532f-ff68-818a03035897
KXWTAMATCH-25NOV08SABRYB-RYB,2025-11-08T17:57:21.607769Z,0.77,214,yes,7663bbea-059d-7cb6-7212-214a83d3e678
KXWTAMATCH-25NOV08SABRYB-RYB,2025-11-08T17:57:19.918072Z,0.75,50,no,b9a7ee88-b129-4112-4385-5c08c2abeaff
KXWTAMATCH-25NOV08SABRYB-RYB,2025-11-08T17:57:19.918072Z,0.75,169,no,5ed26af4-2348-4349-45c4-70a2aa3d1954
KXWTAMATCH-25NOV08SABRYB-RYB,2025-11-08T17:57:19.918072Z,0.75,2,no,4e646084-1dc8-4bb0-6384-96e0033e02ce
KXWTAMATCH-25NOV08SABRYB-RYB,2025-11-08T17:57:19.918072Z,0.75,147,no,14b5c55d-7f0c-44b9-74f9-0c9e0a73bcb7
KXWTAMATCH-25NOV08SABRYB-RYB,2025-11-08T17:57:19.779266Z,0.77,2,yes,129bfea4-dc15-7a36-dd40-39f45f8a0348
KXWTAMATCH-25NOV08SABRYB-RYB,2025-11-08T17:57:19.143373Z,0.75,187,no,bad89568-370b-65ad-643b-4635fadb8d69
KXWTAMATCH-25NOV08SABRYB-RYB,2025-11-08T17:57:19.143373Z,0.75,63,no,67cd6402-c178-6fb1-4709-92af80e744eb
KXWTAMATCH-25NOV08SABRYB-RYB,2025-11-08T17:57:17.935156Z,0.77,50,yes,f2f517a9-212f-561c-12c0-e5999da1cc89
KXWTAMATCH-25NOV08SABRYB-RYB,2025-11-08T17:57:17.935156Z,0.77,200,yes,dcce44ce-f081-52d6-3878-dc1a57a95e51
KXWTAMATCH-25NOV08SABRYB-RYB,2025-11-08T17:57:17.935156Z,0.77,197,yes,04d03391-7b42-5ba4-2f7b-e06872e40e4d
KXWTAMATCH-25NOV08SABRYB-RYB,2025-11-08T17:57:15.596971Z,0.77,1000,yes,18e34b82-22d2-5844-bf13-a852cee98c7d
KXWTAMATCH-25NOV08SABRYB-RYB,2025-11-08T17:57:14.101531Z,0.77,25,yes,c61331d6-ec3a-7da4-ca23-5bf53de7b675
KXWTAMATCH-25NOV08SABRYB-RYB,2025-11-08T17:57:13.960709Z,0.77,332,yes,2f43e3e3-eeca-7d14-ef5c-fab57b604511
KXWTAMATCH-25NOV08SABRYB-RYB,2025-11-08T17:57:12.642329Z,0.75,13,no,a36af68f-39ef-75c9-959e-a0dbfae713fd
KXWTAMATCH-25NOV08SABRYB-RYB,2025-11-08T17:57:12.513954Z,0.77,25,yes,9826c4c2-c732-7e84-2583-5815c54b805d
KXWTAMATCH-25NOV08SABRYB-RYB,2025-11-08T17:57:12.513954Z,0.77,5,yes,7706fa25-94e4-7873-109e-b6abbdd4bd0c
KXWTAMATCH-25NOV08SABRYB-RYB,2025-11-08T17:57:11.86585Z,0.75,25,no,4277c2b3-b003-67f8-8242-0aeec59f77ba
KXWTAMATCH-25NOV08SABRYB-RYB,2025-11-08T17:57:08.316306Z,0.76,74,yes,13cf833d-0004-648f-ad87-2a93a769c604
KXWTAMATCH-25NOV08SABRYB-RYB,2025-11-08T17:57:07.685488Z,0.76,30,yes,2512d33a-2d94-44a3-01e5-a54b886c8e54
KXWTAMATCH-25NOV08SABRYB-RYB,2025-11-08T17:57:07.169609Z,0.75,5,no,86d5f01e-98ab-76c5-ff46-db973b7a437d
KXWTAMATCH-25NOV08SABRYB-RYB,2025-11-08T17:57:07.169609Z,0.75,170,no,62ab3600-3bab-7d18-dc6b-602920fb715a
KXWTAMATCH-25NOV08SABRYB-RYB,2025-11-08T17:57:07.169609Z,0.75,100,no,5f146d79-ced4-75d6-c140-26b253a1f088
KXWTAMATCH-25NOV08SABRYB-RYB,2025-11-08T17:57:07.169609Z,0.75,50,no,17bee6c7-d811-7953-e25d-78e074f8104d
KXWTAMATCH-25NOV08SABRYB-RYB,2025-11-08T17:57:05.499656Z,0.76,1,yes,e27ed9f5-4668-4f3f-e1b9-40daae357d74
KXWTAMATCH-25NOV08SABRYB-RYB,2025-11-08T17:57:03.528895Z,0.76,1,yes,3f60fdd4-374c-5bec-4860-b58c1ff83d1e
KXWTAMATCH-25NOV08SABRYB-RYB,2025-11-08T17:57:01.324738Z,0.75,18,no,0923cfdf-25dd-770b-5947-7323ab30ed50
KXWTAMATCH-25NOV08SABRYB-RYB,2025-11-08T17:56:58.903186Z,0.75,500,no,e173c6c3-64d1-7b6b-ff6e-14d5092c7edc
KXWTAMATCH-25NOV08SABRYB-RYB,2025-11-08T17:56:58.747314Z,0.75,83,no,09d52b3d-d9d5-5587-5536-93c6b595fe5c
KXWTAMATCH-25NOV08SABRYB-RYB,2025-11-08T17:56:58.532774Z,0.76,100,yes,1b7871dc-0324-600c-3331-722fdd6f4e06
KXWTAMATCH-25NOV08SABRYB-RYB,2025-11-08T17:56:52.335135Z,0.73,5,yes,9f789727-79df-5ac3-a9ef-f859d7c9a770
KXWTAMATCH-25NOV08SABRYB-RYB,2025-11-08T17:56:52.335135Z,0.73,200,yes,8aa20949-8154-5898-ad46-74278cf29d38
KXWTAMATCH-25NOV08SABRYB-RYB,2025-11-08T17:56:52.335135Z,0.74,599,yes,582b606c-93b9-55d4-b853-faf333b06c2f
KXWTAMATCH-25NOV08SABRYB-RYB,2025-11-08T17:56:52.335135Z,0.74,599,yes,2399ac4e-2155-5d6a-809f-bd36ff8f950c
KXWTAMATCH-25NOV08SABRYB-RYB,2025-11-08T17:56:50.40873Z,0.69,2,yes,fa3be92b-362f-6f27-2623-9aaedc68edfa
KXWTAMATCH-25NOV08SABRYB-RYB,2025-11-08T17:56:50.40873Z,0.68,100,yes,e64e14ae-87c7-6419-00ba-e919d633fe38
KXWTAMATCH-25NOV08SABRYB-RYB,2025-11-08T17:56:50.40873Z,0.68,500,yes,d4cddcfd-42db-6441-3685-fe0412841bcc
KXWTAMATCH-25NOV08SABRYB-RYB,2025-11-08T17:56:50.40873Z,0.7,200,yes,a74716f1-267f-61c5-2408-9e3a5bc855ef
KXWTAMATCH-25NOV08SABRYB-RYB,2025-11-08T17:56:50.40873Z,0.7,100,yes,9c918eb3-f796-6143-1c45-f8649262f706
KXWTAMATCH-25NOV08SABRYB-RYB,2025-11-08T17:56:50.40873Z,0.71,50,yes,6c2ce5af-f05c-60c9-36f7-174e056adf6c
KXWTAMATCH-25NOV08SABRYB-RYB,2025-11-08T17:56:50.40873Z,0.71,860,yes,59b7a714-29ab-64f8-21c9-4bf64d2f9399
KXWTAMATCH-25NOV08SABRYB-RYB,2025-11-08T17:56:48.13351Z,0.67,20,no,4b8e048e-b62d-6a50-f43d-c1125a5f78e2
KXWTAMATCH-25NOV08SABRYB-RYB,2025-11-08T17:56:44.168485Z,0.68,2,yes,deda0112-a4e6-62cb-10b9-0a93039f283b
KXWTAMATCH-25NOV08SABRYB-RYB,2025-11-08T17:56:40.833527Z,0.66,40,no,1c01db12-eabb-4a5c-d422-bacfb39992df
KXWTAMATCH-25NOV08SABRYB-RYB,2025-11-08T17:56:38.229384Z,0.68,143,yes,56a0cb80-a432-7a8b-19d5-9cfbd531820f
KXWTAMATCH-25NOV08SABRYB-RYB,2025-11-08T17:56:37.817713Z,0.68,14,yes,beeee5c5-e4ca-75f7-195a-125edc019747
KXWTAMATCH-25NOV08SABRYB-RYB,2025-11-08T17:56:36.346818Z,0.68,45,yes,a3c98ee7-f2ca-69df-a0a1-2195366a5b5b
KXWTAMATCH-25NOV08SABRYB-RYB,2025-11-08T17:56:34.654357Z,0.66,93,no,a09fd0d6-e61b-61a8-605f-4168d799d23b
KXWTAMATCH-25NOV08SABRYB-RYB,2025-11-08T17:56:31.153067Z,0.68,1,yes,f659945d-0dc2-7d73-46bc-609bdcb96ab7
KXWTAMATCH-25NOV08SABRYB-RYB,2025-11-08T17:56:25.672571Z,0.68,20,yes,e60304c5-920e-56b3-5641-77c6c45902e3
KXWTAMATCH-25NOV08SABRYB-RYB,2025-11-08T17:56:22.374823Z,0.68,19,yes,cdd97f25-500a-721e-dba2-a338d5721094
KXWTAMATCH-25NOV08SABRYB-RYB,2025-11-08T17:56:22.374823Z,0.67,53,yes,933fc718-437a-7c29-d53f-c4242f45292c
KXWTAMATCH-25NOV08SABRYB-RYB,2025-11-08T17:56:15.955149Z,0.67,33,yes,c4e9a0c2-37aa-442d-de04-fc9702482720
KXWTAMATCH-25NOV08SABRYB-RYB,2025-11-08T17:56:15.955149Z,0.67,50,yes,0d8f229a-fb7d-49a5-daff-fac41106abeb
KXWTAMATCH-25NOV08SABRYB-RYB,2025-11-08T17:56:03.912248Z,0.66,280,yes,60fb9c25-c02a-7664-46f9-08a501bf459b
KXWTAMATCH-25NOV08SABRYB-RYB,2025-11-08T17:56:03.912248Z,0.66,459,yes,1963cc8c-9932-7207-4606-27be0b6bee21
KXWTAMATCH-25NOV08SABRYB-RYB,2025-11-08T17:56:01.360171Z,0.65,15,no,420a9416-0580-41f4-06e1-82e19a7d9e68
KXWTAMATCH-25NOV08SABRYB-RYB,2025-11-08T17:55:58.41484Z,0.65,5,no,abe233b5-ae78-4bac-8449-bba87607bf00
KXWTAMATCH-25NOV08SABRYB-RYB,2025-11-08T17:55:56.73582Z,0.66,140,yes,ecbe598e-b02a-522b-56f1-fb12609b0ce9
KXWTAMATCH-25NOV08SABRYB-RYB,2025-11-08T17:55:56.73582Z,0.65,3,yes,77ad17fb-350b-5e34-5a5c-97beb23eac97
KXWTAMATCH-25NOV08SABRYB-RYB,2025-11-08T17:55:56.73582Z,0.66,5,yes,06060263-59cc-5bb6-4666-a10005c7983f
KXWTAMATCH-25NOV08SABRYB-RYB,2025-11-08T17:55:50.768855Z,0.65,1,yes,11bbb54c-2d7b-4d38-f9c1-9dc75f6fc9a3
KXWTAMATCH-25NOV08SABRYB-RYB,2025-11-08T17:55:47.742252Z,0.64,50,yes,31181558-adc5-6691-f9d6-ce0090c87fd0
KXWTAMATCH-25NOV08SABRYB-RYB,2025-11-08T17:55:45.719347Z,0.63,15,yes,7534f5e8-e303-4995-2360-7f05af5ba42a
KXWTAMATCH-25NOV08SABRYB-RYB,2025-11-08T17:55:41.678753Z,0.63,40,yes,314a45ad-2d0f-7d35-6bf5-6727ab408fba
KXWTAMATCH-25NOV08SABRYB-RYB,2025-11-08T17:55:36.325861Z,0.62,11,no,ca6ffdcd-7263-6299-3a30-ee6dff7fc5e0
KXWTAMATCH-25NOV08SABRYB-RYB,2025-11-08T17:55:31.843097Z,0.62,5,no,71e053a4-add3-4e41-0e35-1c480489b640
KXWTAMATCH-25NOV08SABRYB-RYB,2025-11-08T17:55:29.085702Z,0.63,5,yes,0ddb269b-1863-409d-1e38-29d8cb676ca6
KXWTAMATCH-25NOV08SABRYB-RYB,2025-11-08T17:55:17.840209Z,0.61,4,no,f0b06f2e-7f96-68a6-4db3-faa3eb9db281
KXWTAMATCH-25NOV08SABRYB-RYB,2025-11-08T17:55:17.840209Z,0.61,1,no,3dda3b2e-8b04-6875-5b74-f7b1aa253c3b
KXWTAMATCH-25NOV08SABRYB-RYB,2025-11-08T17:55:13.42272Z,0.62,36,yes,c19ed902-5b24-5551-816d-f8b22628b52d
KXWTAMATCH-25NOV08SABRYB-RYB,2025-11-08T17:55:13.42272Z,0.62,199,yes,1a069700-5787-5014-b0b1-802f6269b668
KXWTAMATCH-25NOV08SABRYB-RYB,2025-11-08T17:55:04.841524Z,0.62,34,yes,a3b1d94c-b9b4-72f5-d439-c668460e63b3
KXWTAMATCH-25NOV08SABRYB-RYB,2025-11-08T17:54:58.351441Z,0.62,5,yes,165814a0-e2c4-7da5-41a6-2997efb669f3
KXWTAMATCH-25NOV08SABRYB-RYB,2025-11-08T17:54:57.702308Z,0.62,40,yes,6c6bd031-0a1c-65c5-d2b2-1a7084bc44db
KXWTAMATCH-25NOV08SABRYB-RYB,2025-11-08T17:54:50.901979Z,0.62,100,no,2de58ab1-67a7-61c3-5ebe-6e6595eab919
KXWTAMATCH-25NOV08SABRYB-RYB,2025-11-08T17:54:46.776121Z,0.62,1,yes,e3904784-9c49-79f2-572c-d3262c98f87b
KXWTAMATCH-25NOV08SABRYB-RYB,2025-11-08T17:54:43.689668Z,0.61,110,no,d2c2822e-a03d-4599-0ff2-bfb56286a588
KXWTAMATCH-25NOV08SABRYB-RYB,2025-11-08T17:54:43.689668Z,0.61,12,no,4ae918a2-31f1-4162-197a-b1e4c7ca881d
KXWTAMATCH-25NOV08SABRYB-RYB,2025-11-08T17:54:40.686097Z,0.62,5,yes,6858e4f5-1cad-4dbe-b2b5-c756a8e6aaa7
KXWTAMATCH-25NOV08SABRYB-RYB,2025-11-08T17:54:38.644651Z,0.61,51,no,fdbcf3ed-6625-497e-cd8a-2b557f11227d
KXWTAMATCH-25NOV08SABRYB-RYB,2025-11-08T17:54:34.066317Z,0.61,937,no,3011103b-374d-4dae-fd99-89cc3485dad1
KXWTAMATCH-25NOV08SABRYB-RYB,2025-11-08T17:54:34.066317Z,0.61,50,no,2e137f7c-e082-442b-e408-0efb0ad2bd19
KXWTAMATCH-25NOV08SABRYB-RYB,2025-11-08T17:54:30.964978Z,0.62,62,yes,a8913b7d-1e49-5486-1b35-9c32237a2d47
KXWTAMATCH-25NOV08SABRYB-RYB,2025-11-08T17:54:24.240815Z,0.61,350,yes,8b156e69-3b79-6143-a888-277b2343f85b
KXWTAMATCH-25NOV08SABRYB-RYB,2025-11-08T17:54:18.465192Z,0.6,5,yes,7d7092fb-9f59-793b-5021-4535319457cf
KXWTAMATCH-25NOV08SABRYB-RYB,2025-11-08T17:54:12.912553Z,0.58,167,yes,c6a8ccb7-4f36-4128-2868-c15f6e100a94
KXWTAMATCH-25NOV08SABRYB-RYB,2025-11-08T17:54:12.174379Z,0.58,28,yes,0376a9db-189a-5558-2c9c-6df61d57d2b4
KXWTAMATCH-25NOV08SABRYB-RYB,2025-11-08T17:54:10.751472Z,0.58,5,yes,c3a65e89-6272-5c64-36fb-f59e920ac504
KXWTAMATCH-25NOV08SABRYB-RYB,2025-11-08T17:54:06.655479Z,0.58,25,yes,fde31e94-4f23-7b79-dae1-6e98fc7f3370
KXWTAMATCH-25NOV08SABRYB-RYB,2025-11-08T17:54:06.059028Z,0.57,180,no,27728a26-6fa1-5864-9949-709fe1bd634c
KXWTAMATCH-25NOV08SABRYB-RYB,2025-11-08T17:54:06.059028Z,0.57,587,no,0cde34c9-eb12-5de9-832b-54e73d4d78ff
KXWTAMATCH-25NOV08SABRYB-RYB,2025-11-08T17:54:03.540937Z,0.58,167,yes,a33935e2-ad1b-75d1-6f49-c4f3bca35974
KXWTAMATCH-25NOV08SABRYB-RYB,2025-11-08T17:54:03.130486Z,0.58,75,yes,eabeab0a-14df-6409-9192-2be930e0f44c
KXWTAMATCH-25NOV08SABRYB-RYB,2025-11-08T17:53:57.87584Z,0.56,183,no,9afe3449-f708-6d45-b9ed-6b3a5d010f2f
KXWTAMATCH-25NOV08SABRYB-RYB,2025-11-08T17:53:57.87584Z,0.55,50,no,38ac6317-2dd2-62d7-9e4d-5c8b2c8aec0d
KXWTAMATCH-25NOV08SABRYB-RYB,2025-11-08T17:53:47.801584Z,0.6,81,yes,cc636499-7169-429d-f3bd-cba8f6e81b63
KXWTAMATCH-25NOV08SABRYB-RYB,2025-11-08T17:53:44.880468Z,0.6,50,yes,f05fe93c-a672-60c4-3d05-3759e687eb0e
KXWTAMATCH-25NOV08SABRYB-RYB,2025-11-08T17:53:44.880468Z,0.6,50,yes,cf9449ec-d699-6839-3c15-e6cb4efae303
KXWTAMATCH-25NOV08SABRYB-RYB,2025-11-08T17:53:41.965508Z,0.61,159,yes,bd9a0680-2ea9-5a0b-eb2e-76d294b084f6
KXWTAMATCH-25NOV08SABRYB-RYB,2025-11-08T17:53:40.428524Z,0.6,10,no,753bdf50-741c-6eb6-6c7e-dd6ad94ddea4
KXWTAMATCH-25NOV08SABRYB-RYB,2025-11-08T17:53:40.428524Z,0.6,100,no,1350e23f-e8d4-6214-6348-60295dd58b2c
KXWTAMATCH-25NOV08SABRYB-RYB,2025-11-08T17:53:35.730906Z,0.61,20,yes,82590629-ee85-6adf-b928-c1b85b81e13e
KXWTAMATCH-25NOV08SABRYB-RYB,2025-11-08T17:53:35.525244Z,0.61,10,yes,9a041ec3-3591-7fab-57e0-0ceb9fd481d6
KXWTAMATCH-25NOV08SABRYB-RYB,2025-11-08T17:53:32.030997Z,0.61,40,yes,d4a5f3d9-a178-574d-0f65-a2c073f7da7f
KXWTAMATCH-25NOV08SABRYB-RYB,2025-11-08T17:53:32.030997Z,0.61,460,yes,791e5187-7051-5ce7-2747-04e82ec88a0e
KXWTAMATCH-25NOV08SABRYB-RYB,2025-11-08T17:53:26.777873Z,0.61,10,yes,02fa3b1f-b7b0-4061-46df-83574de7a223
KXWTAMATCH-25NOV08SABRYB-RYB,2025-11-08T17:53:12.646738Z,0.62,10,yes,9c8ff1fb-e208-58b3-32a9-70c788d4e209
KXWTAMATCH-25NOV08SABRYB-RYB,2025-11-08T17:53:09.522167Z,0.6,50,yes,4028cc05-15cf-7ba2-a54c-a7a75fa99158
KXWTAMATCH-25NOV08SABRYB-RYB,2025-11-08T17:53:09.522167Z,0.6,273,yes,19b713b4-264e-710f-9160-27b0c1483fb7
KXWTAMATCH-25NOV08SABRYB-RYB,2025-11-08T17:53:06.612339Z,0.6,265,yes,5b274eb3-1bba-4dbf-2f09-2f733ca145c3
KXWTAMATCH-25NOV08SABRYB-RYB,2025-11-08T17:53:04.434761Z,0.6,162,yes,fcc313c3-a6ba-4943-25df-46af1f0a7417
KXWTAMATCH-25NOV08SABRYB-RYB,2025-11-08T17:53:03.15133Z,0.6,800,yes,98817de7-0aca-5ad7-e9ba-b5a80af5a7b7
KXWTAMATCH-25NOV08SABRYB-RYB,2025-11-08T17:52:55.798431Z,0.6,500,yes,8f1d9baf-3d52-722f-1d12-049758a66957
KXWTAMATCH-25NOV08SABRYB-RYB,2025-11-08T17:52:54.217491Z,0.59,269,no,92e941d1-fbff-5531-43db-d49578b97dfb
KXWTAMATCH-25NOV08SABRYB-RYB,2025-11-08T17:52:38.358927Z,0.6,60,no,f69d6be5-26f5-7105-2757-d8c148bff7d1
KXWTAMATCH-25NOV08SABRYB-RYB,2025-11-08T17:52:38.358927Z,0.6,600,no,d282af63-344e-7d2e-28dc-696bf909e6c1
KXWTAMATCH-25NOV08SABRYB-RYB,2025-11-08T17:52:38.358927Z,0.6,405,no,bdf77352-a1fa-73ba-344d-f1006c27bf96
KXWTAMATCH-25NOV08SABRYB-RYB,2025-11-08T17:52:38.358927Z,0.6,417,no,9e72a162-4406-700e-2c9d-172d2ab7b7e1
KXWTAMATCH-25NOV08SABRYB-RYB,2025-11-08T17:52:38.358927Z,0.6,671,no,581d01cc-a222-7fd2-0dba-9203dd7a9f57
KXWTAMATCH-25NOV08SABRYB-RYB,2025-11-08T17:52:38.358927Z,0.6,600,no,4d2934a6-ff6c-7f9c-2e68-96fcadf8cd0a
KXWTAMATCH-25NOV08SABRYB-RYB,2025-11-08T17:52:38.358927Z,0.6,1000,no,24aa857c-43b1-73ae-3dcf-d56f5a3687fb
KXWTAMATCH-25NOV08SABRYB-RYB,2025-11-08T17:52:31.491831Z,0.61,100,yes,bd95dbb9-d372-7904-bd7f-e597616ffabb
KXWTAMATCH-25NOV08SABRYB-RYB,2025-11-08T17:52:24.751713Z,0.62,3,yes,1fbb115e-40e4-5aef-01dc-53920fbcc975
KXWTAMATCH-25NOV08SABRYB-RYB,2025-11-08T17:52:23.884235Z,0.61,200,yes,8123bcbc-f650-7fee-daf3-d8130ac0911e
KXWTAMATCH-25NOV08SABRYB-RYB,2025-11-08T17:52:23.884235Z,0.61,800,yes,02649c9c-4173-7ee4-d66c-cbc0d0175ae2
KXWTAMATCH-25NOV08SABRYB-RYB,2025-11-08T17:52:19.443784Z,0.61,27,no,c2720ee6-48a0-57e0-c737-5273f9c73614
KXWTAMATCH-25NOV08SABRYB-RYB,2025-11-08T17:52:12.685536Z,0.62,157,yes,dc4c2223-6718-72cb-cba0-3fd900e16395
KXWTAMATCH-25NOV08SABRYB-RYB,2025-11-08T17:52:08.804769Z,0.62,50,no,f48088f2-0883-44e4-b8f1-817d6fcfd285
KXWTAMATCH-25NOV08SABRYB-RYB,2025-11-08T17:52:08.804769Z,0.62,50,no,ceb5d5d5-3a21-4f8a-a7ce-5045ff06a671
KXWTAMATCH-25NOV08SABRYB-RYB,2025-11-08T17:52:08.575785Z,0.62,50,no,6bd4f704-61bd-7c3a-705b-fd39dda99dcd
KXWTAMATCH-25NOV08SABRYB-RYB,2025-11-08T17:51:55.954181Z,0.64,1108,yes,5d75ba88-e94a-42b5-6e90-f8633bd58957
KXWTAMATCH-25NOV08SABRYB-RYB,2025-11-08T17:51:55.954181Z,0.64,592,yes,389bd664-2561-4d7a-586b-3d04efd52a03
KXWTAMATCH-25NOV08SABRYB-RYB,2025-11-08T17:51:54.131446Z,0.63,10,no,87d9efae-a110-5c4b-32d3-2d1d09e4d2ed
KXWTAMATCH-25NOV08SABRYB-RYB,2025-11-08T17:51:48.307795Z,0.64,2,yes,daa99574-767d-5506-6d4c-dd4430dd5c9b
KXWTAMATCH-25NOV08SABRYB-RYB,2025-11-08T17:51:45.576818Z,0.64,5,no,314ccb62-f4c6-75c9-3b97-1d11924442ce
KXWTAMATCH-25NOV08SABRYB-RYB,2025-11-08T17:51:42.541095Z,0.66,100,no,55c29fae-ce54-69bd-8e50-41a4625465b1
KXWTAMATCH-25NOV08SABRYB-RYB,2025-11-08T17:51:39.34054Z,0.66,15,yes,4bd6899c-15c2-6840-bce2-b34bf8a61f31
KXWTAMATCH-25NOV08SABRYB-RYB,2025-11-08T17:51:36.53773Z,0.66,533,yes,956f8284-12c7-4c4f-560f-85906aeb72b3
KXWTAMATCH-25NOV08SABRYB-RYB,2025-11-08T17:51:36.53773Z,0.66,467,yes,4769e875-78a7-416a-7031-8ec2590c836d
KXWTAMATCH-25NOV08SABRYB-RYB,2025-11-08T17:51:35.002105Z,0.66,33,yes,d67cb735-4ddb-792f-6046-154e9ca81eef
KXWTAMATCH-25NOV08SABRYB-RYB,2025-11-08T17:51:33.159043Z,0.66,33,yes,79a27741-258b-4f6b-7b12-1d1d355d8c07
KXWTAMATCH-25NOV08SABRYB-RYB,2025-11-08T17:51:24.935383Z,0.66,5,no,5743cf80-4188-7575-e0ca-70a982e86f2e
KXWTAMATCH-25NOV08SABRYB-RYB,2025-11-08T17:51:24.595717Z,0.68,178,yes,8322f322-c026-4797-0cd8-3d49aa8a2faf
KXWTAMATCH-25NOV08SABRYB-RYB,2025-11-08T17:51:22.640154Z,0.68,9,yes,e547e6fc-9daa-79db-8454-b560d17ae6f3
KXWTAMATCH-25NOV08SABRYB-RYB,2025-11-08T17:51:22.595025Z,0.68,50,no,3a960279-09be-6e1b-dc0c-7c1c1d72583a
KXWTAMATCH-25NOV08SABRYB-RYB,2025-11-08T17:51:21.786173Z,0.69,100,no,64aac3bb-f35a-7fbb-87cc-ae6f6932a03d
KXWTAMATCH-25NOV08SABRYB-RYB,2025-11-08T17:51:20.350879Z,0.69,36,yes,152208d8-243b-6937-3d80-f2e556cd4c4d
KXWTAMATCH-25NOV08SABRYB-RYB,2025-11-08T17:51:18.96339Z,0.69,5,yes,195f1e26-bb11-742f-df3f-3a38f6b14d97
KXWTAMATCH-25NOV08SABRYB-RYB,2025-11-08T17:51:09.012838Z,0.69,5,yes,e1f8848f-6505-45af-0bfc-da03a5e345aa
KXWTAMATCH-25NOV08SABRYB-RYB,2025-11-08T17:51:08.119073Z,0.69,98,yes,e2aff9de-9345-5965-b90a-ded50fe6542a
KXWTAMATCH-25NOV08SABRYB-RYB,2025-11-08T17:51:08.119073Z,0.7,43,yes,62fded41-013a-5d82-a418-591c2f7db1eb
KXWTAMATCH-25NOV08SABRYB-RYB,2025-11-08T17:51:07.652338Z,0.68,25,no,2fa9a225-99ea-71f2-60f8-23fb386f329a
KXWTAMATCH-25NOV08SABRYB-RYB,2025-11-08T17:51:03.398255Z,0.68,128,no,0e7cc8b6-d62e-4baa-20c6-de88c9f920f6
KXWTAMATCH-25NOV08SABRYB-RYB,2025-11-08T17:51:02.04167Z,0.68,5,no,0c700e9a-bec2-596a-8b2c-6021c567444e
KXWTAMATCH-25NOV08SABRYB-RYB,2025-11-08T17:51:01.999192Z,0.69,344,yes,8f012873-2c9d-7265-9b1a-a5b4a28367ae
KXWTAMATCH-25NOV08SABRYB-RYB,2025-11-08T17:51:00.355518Z,0.69,141,yes,b7633fb8-f039-5941-d6ac-e75b2f487f62
KXWTAMATCH-25NOV08SABRYB-RYB,2025-11-08T17:50:58.769806Z,0.69,4,yes,95344f62-eaa1-6a15-aee5-c22da83c631e
KXWTAMATCH-25NOV08SABRYB-RYB,2025-11-08T17:50:55.731469Z,0.68,8,no,74c31ad3-6522-68f2-59ae-e1b619c370ea
KXWTAMATCH-25NOV08SABRYB-RYB,2025-11-08T17:50:54.599759Z,0.69,1579,yes,fced69c8-5429-53d9-14f9-54501c8e1eb5
KXWTAMATCH-25NOV08SABRYB-RYB,2025-11-08T17:50:54.599759Z,0.69,199,yes,f0b9f31b-c9c0-5947-2a57-bfbb6ba9e43d
KXWTAMATCH-25NOV08SABRYB-RYB,2025-11-08T17:50:54.599759Z,0.7,200,yes,d1731285-754f-5acf-339f-4758302ce8a5
KXWTAMATCH-25NOV08SABRYB-RYB,2025-11-08T17:50:54.599759Z,0.69,200,yes,cd07a933-1486-5c17-0ee5-072e48ada421
KXWTAMATCH-25NOV08SABRYB-RYB,2025-11-08T17:50:54.599759Z,0.68,50,yes,c0d34caa-2655-595b-0a73-46d9bc9989f9
KXWTAMATCH-25NOV08SABRYB-RYB,2025-11-08T17:50:54.599759Z,0.7,350,yes,a2ee0708-dacf-51ad-15ec-56297afcd33f
KXWTAMATCH-25NOV08SABRYB-RYB,2025-11-08T17:50:54.599759Z,0.7,1110,yes,9d8e9d97-4956-58fe-3c45-465154b726d7
KXWTAMATCH-25NOV08SABRYB-RYB,2025-11-08T17:50:54.599759Z,0.69,350,yes,8e2c52db-86bd-53f7-0ea3-bc5d445df454
KXWTAMATCH-25NOV08SABRYB-RYB,2025-11-08T17:50:54.599759Z,0.7,5,yes,8dd1bb3d-5509-5aa1-3f28-3015e09dd44c
KXWTAMATCH-25NOV08SABRYB-RYB,2025-11-08T17:50:54.599759Z,0.7,999,yes,7470cae8-897b-50a0-2a31-9ce4477ff27d
KXWTAMATCH-25NOV08SABRYB-RYB,2025-11-08T17:50:54.599759Z,0.69,5,yes,41a01b2a-8704-54c4-3dd3-34d6599d91c8
KXWTAMATCH-25NOV08SABRYB-RYB,2025-11-08T17:50:54.599759Z,0.68,599,yes,1dc8ed21-a434-5b9c-0f6b-b802f8150b72
KXWTAMATCH-25NOV08SABRYB-RYB,2025-11-08T17:50:50.174985Z,0.68,71,yes,ac0b9729-b9b8-532a-1870-11332fb6c604
KXWTAMATCH-25NOV08SABRYB-RYB,2025-11-08T17:50:49.599143Z,0.68,286,yes,69169876-9d14-6f1e-66fd-9299d1ca75d4
KXWTAMATCH-25NOV08SABRYB-RYB,2025-11-08T17:50:48.675286Z,0.68,14,yes,1db2af39-9ee8-7b2e-e34d-250ac648ccc0
KXWTAMATCH-25NOV08SABRYB-RYB,2025-11-08T17:50:48.371515Z,0.68,8,yes,3c50acaa-fc8c-75d2-cf3d-7b9260d238a8
KXWTAMATCH-25NOV08SABRYB-RYB,2025-11-08T17:50:47.028019Z,0.67,895,no,778dee5c-4331-5f91-29a9-affe58a6deff
KXWTAMATCH-25NOV08SABRYB-RYB,2025-11-08T17:50:45.944091Z,0.68,10,yes,969b50de-37b4-695e-982f-4444bee05850
KXWTAMATCH-25NOV08SABRYB-RYB,2025-11-08T17:50:42.459299Z,0.66,100,yes,dbd0e3e9-2339-5034-892f-6e1abdd595dd
KXWTAMATCH-25NOV08SABRYB-RYB,2025-11-08T17:50:42.459299Z,0.66,500,yes,11ab98ce-0559-5d8c-9750-545a6140d7c1
KXWTAMATCH-25NOV08SABRYB-RYB,2025-11-08T17:50:41.119509Z,0.65,5,yes,9336a183-5379-59b0-1c18-5075c31898b0
KXWTAMATCH-25NOV08SABRYB-RYB,2025-11-08T17:50:40.364844Z,0.65,654,yes,ab49034d-8dd9-7045-a48b-38cf7dfed918
KXWTAMATCH-25NOV08SABRYB-RYB,2025-11-08T17:50:40.364844Z,0.65,50,yes,889c8fc1-b6e0-7f0e-be15-58b39369965d
KXWTAMATCH-25NOV08SABRYB-RYB,2025-11-08T17:50:40.364844Z,0.65,5,yes,7c16e330-ef9d-7a83-9a31-221aefe726b4
KXWTAMATCH-25NOV08SABRYB-RYB,2025-11-08T17:50:40.364844Z,0.65,10,yes,7377d6da-0159-785b-a0b0-3430a2fb8ac0
KXWTAMATCH-25NOV08SABRYB-RYB,2025-11-08T17:50:40.364844Z,0.65,200,yes,3f5dc6c7-b404-7412-a3d2-f8b320ca82ef
KXWTAMATCH-25NOV08SABRYB-RYB,2025-11-08T17:50:40.362292Z,0.64,157,yes,b3ed03cc-4197-7f6e-d5af-6fdce216db70
KXWTAMATCH-25NOV08SABRYB-RYB,2025-11-08T17:50:40.362292Z,0.64,37,yes,5099b5b9-f008-7b59-ed2a-bfcde9fb9e38
KXWTAMATCH-25NOV08SABRYB-RYB,2025-11-08T17:50:40.036219Z,0.64,152,yes,aea0f7e6-3c50-78dd-08b5-37f62dd31548
KXWTAMATCH-25NOV08SABRYB-RYB,2025-11-08T17:50:29.242677Z,0.65,33,yes,9179c464-2281-61e1-b31d-8c91b162a380
KXWTAMATCH-25NOV08SABRYB-RYB,2025-11-08T17:50:21.755097Z,0.63,40,no,8c0ac027-d2c8-60df-8f73-0bf377840ca1
KXWTAMATCH-25NOV08SABRYB-RYB,2025-11-08T17:50:19.435636Z,0.65,13,yes,f148cbbe-c0f1-55c5-5e69-5709e53b02a4
KXWTAMATCH-25NOV08SABRYB-RYB,2025-11-08T17:50:18.888358Z,0.65,10,yes,28ff796b-6a39-5eb1-d4fb-aa2e26dc2480
KXWTAMATCH-25NOV08SABRYB-RYB,2025-11-08T17:50:18.595362Z,0.65,45,yes,33579e44-20e9-4819-3fa6-b0316b2dbc60
KXWTAMATCH-25NOV08SABRYB-RYB,2025-11-08T17:50:18.533427Z,0.64,100,no,6c5d3ac4-35d3-532e-bb46-971186538239
KXWTAMATCH-25NOV08SABRYB-RYB,2025-11-08T17:50:18.533427Z,0.64,5,no,4769a1e1-069c-56cb-99ba-c8c8fb01c88b
KXWTAMATCH-25NOV08SABRYB-RYB,2025-11-08T17:50:11.888713Z,0.65,50,yes,0318f6f2-f299-7311-6125-06ef56f38354
KXWTAMATCH-25NOV08SABRYB-RYB,2025-11-08T17:50:04.689049Z,0.65,4,yes,e78b4204-cabd-6a29-3f9a-7d8feae1ae30
KXWTAMATCH-25NOV08SABRYB-RYB,2025-11-08T17:50:04.429922Z,0.65,66,yes,5eff9af9-86e5-77e5-3266-a1ed1c3cc1fc
KXWTAMATCH-25NOV08SABRYB-RYB,2025-11-08T17:50:03.139403Z,0.65,50,yes,66070092-6ded-5345-2887-70b022916ec0
KXWTAMATCH-25NOV08SABRYB-RYB,2025-11-08T17:49:58.541465Z,0.65,75,yes,a26c1ea2-9a8d-5bfd-5b6c-2b10a836b48c
KXWTAMATCH-25NOV08SABRYB-RYB,2025-11-08T17:49:54.32277Z,0.63,95,no,2f9ceb91-d3a2-6317-aad6-1b9de2f83a40
KXWTAMATCH-25NOV08SABRYB-RYB,2025-11-08T17:49:53.798803Z,0.63,5,no,8b5abdf2-70e4-6c3b-a047-278b1698d253
KXWTAMATCH-25NOV08SABRYB-RYB,2025-11-08T17:49:53.798803Z,0.63,50,no,4b5709e9-7c0f-6680-81d0-df3d5be1c5a8
KXWTAMATCH-25NOV08SABRYB-RYB,2025-11-08T17:49:53.798803Z,0.63,295,no,25a5a500-ad36-639b-b7d2-206d1c2a637c
KXWTAMATCH-25NOV08SABRYB-RYB,2025-11-08T17:49:45.965569Z,0.62,1000,yes,a49f7ed6-60f5-7955-f0b3-1829a1946896
KXWTAMATCH-25NOV08SABRYB-RYB,2025-11-08T17:49:44.067439Z,0.62,10,yes,b0b6bf74-5fd1-4b51-a92d-0c964745c97e
KXWTAMATCH-25NOV08SABRYB-RYB,2025-11-08T17:49:38.74636Z,0.62,3,yes,273f5160-0d81-7c39-ef2c-b2261d6020fe
KXWTAMATCH-25NOV08SABRYB-RYB,2025-11-08T17:49:36.898527Z,0.62,5,yes,7df63df3-0c41-41b1-b0b4-dac948bcf526
KXWTAMATCH-25NOV08SABRYB-RYB,2025-11-08T17:49:35.971229Z,0.62,157,yes,439cf793-4ac9-400d-402b-03a1727dcdca
KXWTAMATCH-25NOV08SABRYB-RYB,2025-11-08T17:49:18.299081Z,0.63,350,yes,f5fca7d1-11b2-47a4-0e90-5f5bcf4ef069
KXWTAMATCH-25NOV08SABRYB-RYB,2025-11-08T17:49:18.299081Z,0.61,200,yes,dd9a0521-4120-4482-2f5c-d0d011757fff
KXWTAMATCH-25NOV08SABRYB-RYB,2025-11-08T17:49:18.299081Z,0.6,599,yes,d26f7890-b8c2-4060-0e50-d7a09b016ffe
KXWTAMATCH-25NOV08SABRYB-RYB,2025-11-08T17:49:18.299081Z,0.61,599,yes,cb628921-becd-4be4-2eb8-e3955a46b548
KXWTAMATCH-25NOV08SABRYB-RYB,2025-11-08T17:49:18.299081Z,0.63,200,yes,c665c4e4-3717-4d2e-1415-aecfb3f62df5
KXWTAMATCH-25NOV08SABRYB-RYB,2025-11-08T17:49:18.299081Z,0.6,2000,yes,c5397809-efa2-4355-0e08-315c65ded59d
KXWTAMATCH-25NOV08SABRYB-RYB,2025-11-08T17:49:18.299081Z,0.62,1579,yes,a7b0abe1-0177-4b3f-1208-62d6eeec492c
KXWTAMATCH-25NOV08SABRYB-RYB,2025-11-08T17:49:18.299081Z,0.6,599,yes,a30d062c-56f8-4793-3bc3-38599c06ecb3
KXWTAMATCH-25NOV08SABRYB-RYB,2025-11-08T17:49:18.299081Z,0.61,350,yes,98895833-4642-4856-3e76-4b9f71599180
KXWTAMATCH-25NOV08SABRYB-RYB,2025-11-08T17:49:18.299081Z,0.63,500,yes,77d7e89a-a346-41a1-26c1-7be21793f727
KXWTAMATCH-25NOV08SABRYB-RYB,2025-11-08T17:49:18.299081Z,0.63,1000,yes,2ff316d8-80bc-4b6a-1d5c-de1a26a5e4d7
KXWTAMATCH-25NOV08SABRYB-RYB,2025-11-08T17:49:18.299081Z,0.63,955,yes,1190cc19-ed80-4e3e-3e97-061debe7cd3d
KXWTAMATCH-25NOV08SABRYB-RYB,2025-11-08T17:49:18.299081Z,0.62,350,yes,0385e1ab-16e7-400c-1db1-764b7e391b95
KXWTAMATCH-25NOV08SABRYB-RYB,2025-11-08T17:49:18.299081Z,0.63,519,yes,031d7a53-66e2-4228-0052-6b2b5b50a12c
KXWTAMATCH-25NOV08SABRYB-RYB,2025-11-08T17:49:18.299081Z,0.62,200,yes,006d26de-4a0e-4720-0162-986d6b2c662d
KXWTAMATCH-25NOV08SABRYB-RYB,2025-11-08T17:49:16.738405Z,0.62,193,no,a7918cad-a9fe-7f06-29d3-c0b98794b0f5
KXWTAMATCH-25NOV08SABRYB-RYB,2025-11-08T17:49:16.738405Z,0.61,5,no,7b537ee5-35fe-7157-32ed-46e196b45973
KXWTAMATCH-25NOV08SABRYB-RYB,2025-11-08T17:49:16.738405Z,0.61,50,no,617a36e1-63ac-7c38-3af2-c027ab23c23c
KXWTAMATCH-25NOV08SABRYB-RYB,2025-11-08T17:49:16.738405Z,0.62,100,no,598fe1d4-6535-717d-0033-1bebd2315a69
KXWTAMATCH-25NOV08SABRYB-RYB,2025-11-08T17:49:16.738405Z,0.62,5,no,4162a5c6-0f9b-7b7a-2c8b-033c3bc4c5d2
KXWTAMATCH-25NOV08SABRYB-RYB,2025-11-08T17:49:13.826513Z,0.63,154,yes,68a66993-a6de-46ac-d3a0-2610cc876f90
KXWTAMATCH-25NOV08SABRYB-RYB,2025-11-08T17:49:09.709894Z,0.62,15,no,5ef9b2f1-9842-5bf6-afdd-b5731b3836dd
KXWTAMATCH-25NOV08SABRYB-RYB,2025-11-08T17:49:01.349443Z,0.63,10,yes,a6ce658c-7be6-7320-984c-a8204ed5475c
KXWTAMATCH-25NOV08SABRYB-RYB,2025-11-08T17:48:55.425499Z,0.63,7,yes,453fb420-d5a6-4a8c-662c-b45ee98a03d4
KXWTAMATCH-25NOV08SABRYB-RYB,2025-11-08T17:48:48.81236Z,0.63,10,yes,7995894e-621a-7890-9330-9181a8ce6378
KXWTAMATCH-25NOV08SABRYB-RYB,2025-11-08T17:48:43.027648Z,0.62,12,no,b48e84de-feac-62b3-2692-e812cc51bb3b
KXWTAMATCH-25NOV08SABRYB-RYB,2025-11-08T17:48:40.526178Z,0.63,300,yes,8a56f2d2-73e2-53ac-336e-dc641ef35824
KXWTAMATCH-25NOV08SABRYB-RYB,2025-11-08T17:48:36.917362Z,0.62,344,yes,8ad46b6a-9507-69fc-cac0-26593c9229cf
KXWTAMATCH-25NOV08SABRYB-RYB,2025-11-08T17:48:36.917362Z,0.62,5,yes,5a71361d-f13a-654e-d2a9-63e4ee9b5f06
KXWTAMATCH-25NOV08SABRYB-RYB,2025-11-08T17:48:36.917362Z,0.62,54,yes,294046bf-9ef9-6a20-c17e-bcba991d5d54
KXWTAMATCH-25NOV08SABRYB-RYB,2025-11-08T17:48:33.988505Z,0.61,305,yes,8decec95-2a8d-7c63-0fae-7e8f2af4ff38
KXWTAMATCH-25NOV08SABRYB-RYB,2025-11-08T17:48:33.988505Z,0.61,50,yes,6fdab4dd-b0bb-767b-3a4c-dfde99dd5f3b
KXWTAMATCH-25NOV08SABRYB-RYB,2025-11-08T17:48:33.988505Z,0.61,145,yes,6aa45886-cea0-7fda-3508-c98dfedc473f
KXWTAMATCH-25NOV08SABRYB-RYB,2025-11-08T17:48:33.370398Z,0.61,96,yes,f105e045-757d-7512-3c2f-97ddc4d427a9
KXWTAMATCH-25NOV08SABRYB-RYB,2025-11-08T17:48:33.370398Z,0.61,4,yes,924cfbf0-d202-79a1-14d9-385a2ebd8f31
KXWTAMATCH-25NOV08SABRYB-RYB,2025-11-08T17:48:30.568864Z,0.61,1,yes,17126584-14ea-5cdd-488a-1895d992d719
KXWTAMATCH-25NOV08SABRYB-RYB,2025-11-08T17:48:26.695956Z,0.59,162,no,960baef1-925f-4308-6f63-1e8ca998f4e9
KXWTAMATCH-25NOV08SABRYB-RYB,2025-11-08T17:48:24.29417Z,0.59,10,yes,d55d977e-c280-69e5-74f2-bd8f1db570e5
KXWTAMATCH-25NOV08SABRYB-RYB,2025-11-08T17:48:20.036081Z,0.59,3,yes,6f3b7447-7e26-7eb5-61b4-45d70740ea8d
KXWTAMATCH-25NOV08SABRYB-RYB,2025-11-08T17:48:19.761019Z,0.53,100,no,999b20f8-fd6e-70bc-46bf-608f77950b69
KXWTAMATCH-25NOV08SABRYB-RYB,2025-11-08T17:48:17.581975Z,0.6,41,yes,aa276437-6e0c-40a7-9cef-4473daffb5ef
KXWTAMATCH-25NOV08SABRYB-RYB,2025-11-08T17:48:13.767446Z,0.57,30,yes,eef1430a-a679-7a4a-ff2d-271c9c11f532
KXWTAMATCH-25NOV08SABRYB-RYB,2025-11-08T17:48:13.767446Z,0.58,36,yes,b868d039-b0e4-7063-fe3a-d2f307ca4675
KXWTAMATCH-25NOV08SABRYB-RYB,2025-11-08T17:48:13.543784Z,0.57,20,yes,d6f38984-6f55-59b6-81e9-72ffecdf7356
KXWTAMATCH-25NOV08SABRYB-RYB,2025-11-08T17:48:11.443244Z,0.51,50,no,8542f8d4-4cb5-7a48-15f3-6fd6ad17b253
KXWTAMATCH-25NOV08SABRYB-RYB,2025-11-08T17:48:11.27197Z,0.58,360,yes,9148955f-9502-54f8-fa37-60c106333f74
KXWTAMATCH-25NOV08SABRYB-RYB,2025-11-08T17:48:02.143534Z,0.49,99,no,f9f441c7-a647-5ba4-4858-f8c988ac76fb
KXWTAMATCH-25NOV08SABRYB-RYB,2025-11-08T17:48:01.115348Z,0.56,43,yes,70e86aa0-5f6b-72d3-2891-c1b98c0c382f
KXWTAMATCH-25NOV08SABRYB-RYB,2025-11-08T17:47:59.883166Z,0.48,191,no,a372c4c4-9f8a-76a3-70f1-21049aca6678
KXWTAMATCH-25NOV08SABRYB-RYB,2025-11-08T17:47:57.91837Z,0.55,5,yes,cf815143-c1f0-5c99-8a7d-2c518d4d3993
KXWTAMATCH-25NOV08SABRYB-RYB,2025-11-08T17:47:57.91837Z,0.54,79,yes,abc352bb-b565-51a4-9284-a2057cee5b41
KXWTAMATCH-25NOV08SABRYB-RYB,2025-11-08T17:47:57.91837Z,0.5,3,yes,2af0cb54-88fb-56d5-85d7-4ee4824eb057
KXWTAMATCH-25NOV08SABRYB-RYB,2025-11-08T17:47:57.91837Z,0.5,2,yes,1b64baff-5ff2-5d1e-b1d3-9567a9b36de8
KXWTAMATCH-25NOV08SABRYB-RYB,2025-11-08T17:47:57.91837Z,0.55,89,yes,04ff3bf9-1243-52f7-87b8-48ab7d3896dc
KXWTAMATCH-25NOV08SABRYB-RYB,2025-11-08T17:47:54.697014Z,0.37,2433,no,e4f3298d-2f66-4d75-0aa8-288af10e0974
KXWTAMATCH-25NOV08SABRYB-RYB,2025-11-08T17:47:54.697014Z,0.37,94,no,b13b294f-5d31-44b3-1a9d-5dbc2bde436b
KXWTAMATCH-25NOV08SABRYB-RYB,2025-11-08T17:47:52.873959Z,0.4,25,no,dc95ba80-c99a-784d-bff5-e470f78ca73f
KXWTAMATCH-25NOV08SABRYB-RYB,2025-11-08T17:47:52.873959Z,0.4,95,no,a30f2c77-6185-7370-ba17-0ec9b5581207
KXWTAMATCH-25NOV08SABRYB-RYB,2025-11-08T17:47:52.873959Z,0.4,1000,no,4f8cd2e4-2bfb-7c88-811b-5fddfa29ecf2
KXWTAMATCH-25NOV08SABRYB-RYB,2025-11-08T17:47:52.873959Z,0.47,1,no,4d80b686-f3aa-78bb-b6fd-7f4098abf831
KXWTAMATCH-25NOV08SABRYB-RYB,2025-11-08T17:47:52.873959Z,0.4,250,no,4d78ece9-8f56-731b-bff4-4ee839c19005
KXWTAMATCH-25NOV08SABRYB-RYB,2025-11-08T17:47:52.873959Z,0.4,25,no,49502e9b-b40b-750c-8970-f202df688e84
KXWTAMATCH-25NOV08SABRYB-RYB,2025-11-08T17:47:52.873959Z,0.45,5,no,3760cf4f-bbc0-7014-8177-b56a227f8d42
KXWTAMATCH-25NOV08SABRYB-RYB,2025-11-08T17:47:50.012767Z,0.42,249,no,402a3e8a-8ab4-5337-828a-992131f7e2ec
KXWTAMATCH-25NOV08SABRYB-RYB,2025-11-08T17:47:49.823951Z,0.42,1,no,85ccd626-77f4-4963-2ceb-a239cc8cd6c0
KXWTAMATCH-25NOV08SABRYB-RYB,2025-11-08T17:47:45.31205Z,0.42,5,no,7cc3c000-dcc6-7581-82ac-d48a9e0c0388
KXWTAMATCH-25NOV08SABRYB-RYB,2025-11-08T17:47:45.31205Z,0.42,10,no,2e3318b2-f026-7f34-a4c6-6838508c997b
KXWTAMATCH-25NOV08SABRYB-RYB,2025-11-08T17:47:41.744072Z,0.54,8,yes,77401e50-938d-5e97-7cfe-d027b28297b8
KXWTAMATCH-25NOV08SABRYB-RYB,2025-11-08T17:47:38.553641Z,0.43,109,no,1e67ad24-4590-7e5b-6674-6d1e3dcf8ca9
KXWTAMATCH-25NOV08SABRYB-RYB,2025-11-08T17:47:33.078436Z,0.46,91,no,09aa51ff-6d2d-6ddc-e8dc-bb3d33d76e63
KXWTAMATCH-25NOV08SABRYB-RYB,2025-11-08T17:47:30.091125Z,0.46,38,no,e5f764fe-8f99-66a0-8f5c-f9a132bff5f7
KXWTAMATCH-25NOV08SABRYB-RYB,2025-11-08T17:47:27.848033Z,0.52,25,yes,5ca2dafc-5eff-6511-0989-60770024930c
KXWTAMATCH-25NOV08SABRYB-RYB,2025-11-08T17:47:25.347538Z,0.45,1000,no,e2c8dacd-140a-6230-e305-5653a2e86b82
KXWTAMATCH-25NOV08SABRYB-RYB,2025-11-08T17:47:25.347538Z,0.46,164,no,28eb73f9-16be-630a-f5aa-456df15556ea
KXWTAMATCH-25NOV08SABRYB-RYB,2025-11-08T17:47:25.126822Z,0.46,1,no,b70083c5-2146-5b82-e6d7-6e6fc72b0aaa
KXWTAMATCH-25NOV08SABRYB-RYB,2025-11-08T17:47:24.235526Z,0.52,9,yes,0c40b663-f083-6185-7b93-4cfea2707804
KXWTAMATCH-25NOV08SABRYB-RYB,2025-11-08T17:47:20.416677Z,0.51,30,yes,2d4832b3-d2a2-73c6-ba62-29c2237807c2
KXWTAMATCH-25NOV08SABRYB-RYB,2025-11-08T17:47:19.52031Z,0.46,197,no,c0f0c191-35d0-5229-a285-12a58d2aa75e
KXWTAMATCH-25NOV08SABRYB-RYB,2025-11-08T17:47:16.244297Z,0.43,403,no,ad89e5fa-7ae1-6874-c7fd-74182f35f0b9
KXWTAMATCH-25NOV08SABRYB-RYB,2025-11-08T17:47:16.244297Z,0.43,1000,no,570386cb-eb4c-6c37-e59e-0c79de7d4030
KXWTAMATCH-25NOV08SABRYB-RYB,2025-11-08T17:47:16.244297Z,0.43,84,no,50fa9ba4-0fbe-61bc-d3e4-f5836032428d
KXWTAMATCH-25NOV08SABRYB-RYB,2025-11-08T17:47:16.244297Z,0.43,200,no,4d1735b3-59a8-61b4-f3a1-cad6fa322b7c
KXWTAMATCH-25NOV08SABRYB-RYB,2025-11-08T17:47:16.244297Z,0.43,399,no,0bd63289-b239-68ce-d3d9-7a94d8ca8006
KXWTAMATCH-25NOV08SABRYB-RYB,2025-11-08T17:47:13.372736Z,0.43,49,no,4f802599-0e4e-4064-e893-790762c00719
KXWTAMATCH-25NOV08SABRYB-RYB,2025-11-08T17:47:12.002088Z,0.43,132,no,9db2aff0-b8fd-726b-c6ba-392e368101f2
KXWTAMATCH-25NOV08SABRYB-RYB,2025-11-08T17:47:07.424869Z,0.43,131,no,b074c587-b0ef-4337-e7b7-ee3ccb650f51
KXWTAMATCH-25NOV08SABRYB-RYB,2025-11-08T17:47:04.240917Z,0.45,50,yes,988fe57c-26a5-7deb-ad4c-04cf9b22a7c1
KXWTAMATCH-25NOV08SABRYB-RYB,2025-11-08T17:47:02.550851Z,0.44,1158,no,d543320b-06b0-7282-f8bd-e7a570e63de2
KXWTAMATCH-25NOV08SABRYB-RYB,2025-11-08T17:47:02.550851Z,0.43,581,no,c9eb9bbb-76b7-7e1c-c76b-ba887b40822f
KXWTAMATCH-25NOV08SABRYB-RYB,2025-11-08T17:47:00.020381Z,0.44,131,no,8a91cdc3-88a3-67e0-9477-c93c7ee7e0fa
KXWTAMATCH-25NOV08SABRYB-RYB,2025-11-08T17:47:00.020381Z,0.44,287,no,852990b9-e64a-681a-8d4c-76acb4bae1c1
KXWTAMATCH-25NOV08SABRYB-RYB,2025-11-08T17:46:57.766831Z,0.44,918,no,c10ce24e-ce86-525a-b304-9bf9d4b2360d
KXWTAMATCH-25NOV08SABRYB-RYB,2025-11-08T17:46:57.324577Z,0.46,100,yes,58203238-58a1-72b1-f491-6bb9bc143cc0
KXWTAMATCH-25NOV08SABRYB-RYB,2025-11-08T17:46:56.565896Z,0.44,132,no,aceb554d-d8b3-582c-aeba-c7c8a8f862ae
KXWTAMATCH-25NOV08SABRYB-RYB,2025-11-08T17:46:56.565896Z,0.44,23,no,8cae4dbf-ad4a-5134-a30e-cfbed1f752a6
KXWTAMATCH-25NOV08SABRYB-RYB,2025-11-08T17:46:54.215119Z,0.44,27,no,81ec3f2e-c4e2-7d7c-79bb-1fb47ab70bc6
KXWTAMATCH-25NOV08SABRYB-RYB,2025-11-08T17:46:48.815815Z,0.42,137,no,bb46d20f-d77d-5cb2-25cc-d393f995738f
KXWTAMATCH-25NOV08SABRYB-RYB,2025-11-08T17:46:48.815815Z,0.41,169,no,b4db2b56-86ba-5fe0-1829-19f0f157c5be
KXWTAMATCH-25NOV08SABRYB-RYB,2025-11-08T17:46:48.815815Z,0.41,300,no,74f5b127-1b2e-5833-22c6-74f0d20cc74b
KXWTAMATCH-25NOV08SABRYB-RYB,2025-11-08T17:46:47.633887Z,0.49,40,yes,c23d0c8a-8278-51a3-9632-655f894bf2db
KXWTAMATCH-25NOV08SABRYB-RYB,2025-11-08T17:46:47.633887Z,0.49,310,yes,4bb6622d-f8e0-5909-9f1d-bbd534b1ed43
KXWTAMATCH-25NOV08SABRYB-RYB,2025-11-08T17:46:42.605893Z,0.44,129,no,30429c3c-0f37-53df-09a3-ed155921a533
KXWTAMATCH-25NOV08SABRYB-RYB,2025-11-08T17:46:39.436214Z,0.44,160,no,e954c5dc-9609-4ad9-ca5a-4dd48eddcbcc
KXWTAMATCH-25NOV08SABRYB-RYB,2025-11-08T17:46:36.898385Z,0.47,50,no,92e25cde-4d88-7856-267a-1e78068c376c
KXWTAMATCH-25NOV08SABRYB-RYB,2025-11-08T17:46:36.695356Z,0.49,990,yes,de11da4c-f7ad-7ad2-f7de-dc9a39cc7131
KXWTAMATCH-25NOV08SABRYB-RYB,2025-11-08T17:46:36.695356Z,0.49,10,yes,7fc00b45-4b98-7fa3-cc79-e7b33e0749f3
KXWTAMATCH-25NOV08SABRYB-RYB,2025-11-08T17:46:34.973043Z,0.46,4,no,d66a1360-620d-660b-e879-dd632207a8a5
KXWTAMATCH-25NOV08SABRYB-RYB,2025-11-08T17:46:31.687031Z,0.47,775,no,8f769b36-c3eb-4559-4a62-d599ef4f64b8
KXWTAMATCH-25NOV08SABRYB-RYB,2025-11-08T17:46:30.115136Z,0.47,784,no,18ea0721-c128-68ac-25ea-6a6020bd0df6
KXWTAMATCH-25NOV08SABRYB-RYB,2025-11-08T17:46:28.476254Z,0.49,10,yes,97f59633-18fd-566a-6bb3-90b1969af0f1
KXWTAMATCH-25NOV08SABRYB-RYB,2025-11-08T17:46:23.567704Z,0.5,5,no,a249f122-0bfb-7b3d-b35c-05208fc37aca
KXWTAMATCH-25NOV08SABRYB-RYB,2025-11-08T17:46:21.997113Z,0.54,5,no,f57f482f-08c5-4ed3-9680-a57342313988
KXWTAMATCH-25NOV08SABRYB-RYB,2025-11-08T17:46:21.997113Z,0.55,5,no,e060d510-e6d4-4ef0-87c0-89cb65af8e90
KXWTAMATCH-25NOV08SABRYB-RYB,2025-11-08T17:46:21.997113Z,0.55,50,no,dcd5a592-8309-456a-8a25-631720409acd
KXWTAMATCH-25NOV08SABRYB-RYB,2025-11-08T17:46:21.997113Z,0.56,50,no,ca0b89b5-2440-4705-9ced-436f07c5f1f8
KXWTAMATCH-25NOV08SABRYB-RYB,2025-11-08T17:46:21.997113Z,0.57,15,no,5d79dc56-7024-4a07-acb4-a49593216416
KXWTAMATCH-25NOV08SABRYB-RYB,2025-11-08T17:46:21.997113Z,0.56,250,no,2a007a75-2c19-459d-b2e1-52e6326245c2
KXWTAMATCH-25NOV08SABRYB-RYB,2025-11-08T17:46:21.997113Z,0.57,800,no,1060cd66-ffc0-46cb-882b-57b6911aeac8
KXWTAMATCH-25NOV08SABRYB-RYB,2025-11-08T17:46:19.456739Z,0.58,100,yes,2bce4fc0-e1cc-75b4-173f-bec10d8a4cca
KXWTAMATCH-25NOV08SABRYB-RYB,2025-11-08T17:46:14.29607Z,0.58,50,yes,af8872f7-18f6-6f30-e50a-c6cdc158b5e7
KXWTAMATCH-25NOV08SABRYB-RYB,2025-11-08T17:46:11.402454Z,0.58,50,yes,da2d81c1-74f2-4e3c-dfe3-43e7e33243af
KXWTAMATCH-25NOV08SABRYB-RYB,2025-11-08T17:46:10.266032Z,0.57,1446,no,19e79ed8-2dae-7ebc-ccd6-24e50ba86983
KXWTAMATCH-25NOV08SABRYB-RYB,2025-11-08T17:46:10.013015Z,0.58,15,yes,8788a116-c90e-4efc-d1f2-51a6a86f6a4f
KXWTAMATCH-25NOV08SABRYB-RYB,2025-11-08T17:46:07.132593Z,0.57,70,no,a3ca0d09-1776-5c24-75d2-81318ee37d0b
KXWTAMATCH-25NOV08SABRYB-RYB,2025-11-08T17:46:05.758207Z,0.58,500,yes,a3aa0fcd-8282-7618-4ae1-620095daeaef
KXWTAMATCH-25NOV08SABRYB-RYB,2025-11-08T17:46:03.15748Z,0.57,5,no,beb1367f-0b96-542c-ce43-6973b57b5683
KXWTAMATCH-25NOV08SABRYB-RYB,2025-11-08T17:46:01.817985Z,0.57,58,no,614f9bb0-0c9e-7ee0-6666-2108e40d76a3
KXWTAMATCH-25NOV08SABRYB-RYB,2025-11-08T17:45:59.230313Z,0.57,599,yes,5b0df84a-ae0b-5658-1d79-8d947ce7d590
KXWTAMATCH-25NOV08SABRYB-RYB,2025-11-08T17:45:53.877871Z,0.59,50,yes,08d0d2ec-f5ee-5ac4-6fc6-98d2cb415dca
KXWTAMATCH-25NOV08SABRYB-RYB,2025-11-08T17:45:52.685628Z,0.61,100,no,583161d8-8695-4f1e-8814-014b2378e9d2
KXWTAMATCH-25NOV08SABRYB-RYB,2025-11-08T17:45:52.539561Z,0.61,100,no,f2c400bc-8f5b-56dc-b4df-b948035e8c96
KXWTAMATCH-25NOV08SABRYB-RYB,2025-11-08T17:45:52.539561Z,0.61,100,no,e4183a68-a099-557f-84e3-409efd76f08b
KXWTAMATCH-25NOV08SABRYB-RYB,2025-11-08T17:45:52.539561Z,0.6,41,no,1b880014-91ae-583b-82c7-cd0cf2181339
KXWTAMATCH-25NOV08SABRYB-RYB,2025-11-08T17:45:49.860642Z,0.62,156,yes,7d27e24a-4b07-5660-d99e-ff3d73bd78d7
KXWTAMATCH-25NOV08SABRYB-RYB,2025-11-08T17:45:47.929159Z,0.61,782,no,cd506587-04aa-61b1-8542-67e62d0954fb
KXWTAMATCH-25NOV08SABRYB-RYB,2025-11-08T17:45:47.929159Z,0.61,50,no,cabdd49e-1644-6636-92e9-46c48ff8205a
KXWTAMATCH-25NOV08SABRYB-RYB,2025-11-08T17:45:44.003181Z,0.61,40,no,c005d050-f0d6-6495-d375-0dd08d1cda8b
KXWTAMATCH-25NOV08SABRYB-RYB,2025-11-08T17:45:44.003181Z,0.61,218,no,b2396471-ef7e-6e29-ee32-1a1719091ffb
KXWTAMATCH-25NOV08SABRYB-RYB,2025-11-08T17:45:39.752745Z,0.62,20,yes,b4c98d9f-8027-7193-c1e8-104ab73c49a0
KXWTAMATCH-25NOV08SABRYB-RYB,2025-11-08T17:45:33.026667Z,0.61,100,no,ecc2339a-d218-4094-62b2-e973f9aa3775
KXWTAMATCH-25NOV08SABRYB-RYB,2025-11-08T17:45:33.026667Z,0.61,50,no,09ef58db-0634-4bdd-5b6c-1515a529319b
KXWTAMATCH-25NOV08SABRYB-RYB,2025-11-08T17:45:24.855173Z,0.56,2,no,58105fb3-b587-6c48-f453-14953c570a21
KXWTAMATCH-25NOV08SABRYB-RYB,2025-11-08T17:45:21.78918Z,0.59,16,yes,0f1eccd2-9e90-5723-773e-4ec3b9ce8dd0
KXWTAMATCH-25NOV08SABRYB-RYB,2025-11-08T17:45:19.877351Z,0.58,246,no,728f7341-68fb-595e-fbd8-a770d6e462c3
KXWTAMATCH-25NOV08SABRYB-RYB,2025-11-08T17:45:15.500627Z,0.58,4,no,d11d5323-0dcb-68b2-6121-d5f1d5fd3583
KXWTAMATCH-25NOV08SABRYB-RYB,2025-11-08T17:45:12.798426Z,0.59,79,yes,74544b57-c0b6-77e4-26b9-315a2ad74310
KXWTAMATCH-25NOV08SABRYB-RYB,2025-11-08T17:45:12.458593Z,0.6,5,yes,88a986ce-f449-57f4-1ea5-629c413fff48
KXWTAMATCH-25NOV08SABRYB-RYB,2025-11-08T17:45:07.387959Z,0.58,85,no,bd4fc568-7068-635f-9a86-87f5299127ac
KXWTAMATCH-25NOV08SABRYB-RYB,2025-11-08T17:45:07.387959Z,0.58,15,no,25f16335-d0ed-6dad-a794-665a8ecaa5fc
KXWTAMATCH-25NOV08SABRYB-RYB,2025-11-08T17:45:03.869861Z,0.58,1102,no,f427ccc7-2dac-7d1b-c586-95862e724794
KXWTAMATCH-25NOV08SABRYB-RYB,2025-11-08T17:45:00.925861Z,0.59,7,yes,411e96e3-147d-7dfe-47bb-6abcc614b8bb
KXWTAMATCH-25NOV08SABRYB-RYB,2025-11-08T17:45:00.925861Z,0.59,483,yes,038333e5-b5e5-781c-759d-eb6d24f4f2d1
KXWTAMATCH-25NOV08SABRYB-RYB,2025-11-08T17:45:00.40167Z,0.59,100,yes,304e077e-7959-7ffc-8fe9-15747135b779
KXWTAMATCH-25NOV08SABRYB-RYB,2025-11-08T17:44:59.38483Z,0.59,10,yes,e56bfe97-200d-4ecc-05a6-391424edc8ed
KXWTAMATCH-25NOV08SABRYB-RYB,2025-11-08T17:44:48.385098Z,0.6,100,no,cc1d98dc-49d7-5d14-dc36-b17dcf27471a
KXWTAMATCH-25NOV08SABRYB-RYB,2025-11-08T17:44:47.063601Z,0.62,100,no,7c82ec06-273d-5cbf-758f-4d20866e46b1
KXWTAMATCH-25NOV08SABRYB-RYB,2025-11-08T17:44:47.063601Z,0.61,22,no,3bb293a7-9448-5216-546d-6107b08e7634
KXWTAMATCH-25NOV08SABRYB-RYB,2025-11-08T17:44:47.063601Z,0.61,50,no,35869b58-4d9e-5c7b-4364-9b8f4b1e144d
KXWTAMATCH-25NOV08SABRYB-RYB,2025-11-08T17:44:30.298659Z,0.63,61,no,984acac6-e2bb-6486-9961-1aea3a228878
KXWTAMATCH-25NOV08SABRYB-RYB,2025-11-08T17:44:20.452005Z,0.64,24,yes,0aa55b90-bae7-7ca4-456c-2ba9b8890f92
KXWTAMATCH-25NOV08SABRYB-RYB,2025-11-08T17:44:19.666994Z,0.64,100,yes,219b6cfc-a32b-570c-a581-a82382b0a49a
KXWTAMATCH-25NOV08SABRYB-RYB,2025-11-08T17:44:11.591423Z,0.64,250,yes,032d6659-e71b-5d1c-4bdb-2dbbfb4dd632
KXWTAMATCH-25NOV08SABRYB-RYB,2025-11-08T17:44:10.932732Z,0.64,812,yes,dded649d-6147-4b00-cac9-93f12808a74a
KXWTAMATCH-25NOV08SABRYB-RYB,2025-11-08T17:44:10.932732Z,0.64,188,yes,7f62820f-e862-4af5-f0fe-3150f6031ae1
KXWTAMATCH-25NOV08SABRYB-RYB,2025-11-08T17:44:09.184327Z,0.63,122,no,70c825cb-d9c3-411a-4726-ec08289d2a18
KXWTAMATCH-25NOV08SABRYB-RYB,2025-11-08T17:44:06.682469Z,0.63,548,no,d7da2de6-b0e7-4996-84a0-7f0cdf197324
KXWTAMATCH-25NOV08SABRYB-RYB,2025-11-08T17:43:55.69426Z,0.64,15,yes,cec2b076-a906-5131-f34b-172df3f9885d
KXWTAMATCH-25NOV08SABRYB-RYB,2025-11-08T17:43:55.126488Z,0.64,20,yes,7d27b846-c872-70c9-c62e-785c706dfa9d
KXWTAMATCH-25NOV08SABRYB-RYB,2025-11-08T17:43:52.255002Z,0.64,3,yes,512e0b3c-beda-500d-9f69-2cad31235a59
KXWTAMATCH-25NOV08SABRYB-RYB,2025-11-08T17:43:47.824847Z,0.64,100,yes,8c529037-65ba-7809-eca2-b17474c7de59
KXWTAMATCH-25NOV08SABRYB-RYB,2025-11-08T17:43:47.747764Z,0.64,150,yes,0e3cb577-172a-633d-cdeb-39a9248180b5
KXWTAMATCH-25NOV08SABRYB-RYB,2025-11-08T17:43:47.007222Z,0.64,20,yes,ebd2481c-0a12-4515-5a11-6d8d678312d1
KXWTAMATCH-25NOV08SABRYB-RYB,2025-11-08T17:43:46.611567Z,0.64,1,yes,d2390202-3ad6-572d-a715-9895b75df2c5
KXWTAMATCH-25NOV08SABRYB-RYB,2025-11-08T17:43:42.22373Z,0.64,89,yes,be6b7e5d-c2da-52c5-45e7-d93590697b3d
KXWTAMATCH-25NOV08SABRYB-RYB,2025-11-08T17:43:40.75356Z,0.65,50,yes,8f6b4e28-23b6-7720-811a-a70f93f5f49c
KXWTAMATCH-25NOV08SABRYB-RYB,2025-11-08T17:43:40.139134Z,0.65,150,yes,ed32824a-5c2e-4910-d380-e66f10d40a18
KXWTAMATCH-25NOV08SABRYB-RYB,2025-11-08T17:43:38.947692Z,0.67,200,yes,f5f5e3b1-386f-489a-4014-143bf952130c
KXWTAMATCH-25NOV08SABRYB-RYB,2025-11-08T17:43:38.947692Z,0.67,985,yes,e57fdcdb-553b-47c5-745b-c7601c2110af
KXWTAMATCH-25NOV08SABRYB-RYB,2025-11-08T17:43:38.947692Z,0.69,1174,yes,caaa3593-9ec0-4a15-48a7-a15706924061
KXWTAMATCH-25NOV08SABRYB-RYB,2025-11-08T17:43:38.947692Z,0.66,5,yes,c47d5192-41ab-4bf2-5b91-880f40f9416b
KXWTAMATCH-25NOV08SABRYB-RYB,2025-11-08T17:43:38.947692Z,0.66,42,yes,b714faed-0f2b-4e3e-4749-60ad8069b1d7
KXWTAMATCH-25NOV08SABRYB-RYB,2025-11-08T17:43:38.947692Z,0.66,1579,yes,ad8da354-bc04-45c8-631b-7b92ed5b8db3
KXWTAMATCH-25NOV08SABRYB-RYB,2025-11-08T17:43:38.947692Z,0.68,350,yes,aafb8091-ed52-42e6-5c95-cb8ef4477e4d
KXWTAMATCH-25NOV08SABRYB-RYB,2025-11-08T17:43:38.947692Z,0.67,400,yes,846ddec0-2d85-4595-544b-942a7edc9a58
KXWTAMATCH-25NOV08SABRYB-RYB,2025-11-08T17:43:38.947692Z,0.66,60,yes,750220c2-45cf-4654-5089-6eee934369ac
KXWTAMATCH-25NOV08SABRYB-RYB,2025-11-08T17:43:38.947692Z,0.67,5,yes,630b436d-7ac8-4e54-7e5e-e9d02fab6c4c
KXWTAMATCH-25NOV08SABRYB-RYB,2025-11-08T17:43:38.947692Z,0.65,5,yes,5be3de67-80ac-4393-5779-afd30385cc3c
KXWTAMATCH-25NOV08SABRYB-RYB,2025-11-08T17:43:38.947692Z,0.65,50,yes,53dc52ca-85e3-4f5c-6d35-7b43cc1e9cb8
KXWTAMATCH-25NOV08SABRYB-RYB,2025-11-08T17:43:38.947692Z,0.65,2000,yes,41dfebac-31e1-4ef9-70e3-ea959fba0d1c
KXWTAMATCH-25NOV08SABRYB-RYB,2025-11-08T17:43:38.947692Z,0.67,350,yes,32936d81-9654-4971-6a64-278b805ff94e
KXWTAMATCH-25NOV08SABRYB-RYB,2025-11-08T17:43:38.947692Z,0.65,434,yes,31043d70-2f3d-49e8-7603-26fb070f4bb0
KXWTAMATCH-25NOV08SABRYB-RYB,2025-11-08T17:43:38.947692Z,0.65,995,yes,289b428d-81ca-4eff-6386-6b3cc3f64637
KXWTAMATCH-25NOV08SABRYB-RYB,2025-11-08T17:43:38.947692Z,0.68,1400,yes,24b30969-f551-4227-68af-1bd5ae63a0c5
KXWTAMATCH-25NOV08SABRYB-RYB,2025-11-08T17:43:38.947692Z,0.66,1408,yes,1cb6cb1f-34d3-49e2-4f7c-17456c2f3968
KXWTAMATCH-25NOV08SABRYB-RYB,2025-11-08T17:43:38.947692Z,0.68,1579,yes,1ba3b0c5-aff3-4796-684e-565f4ceb94d9
KXWTAMATCH-25NOV08SABRYB-RYB,2025-11-08T17:43:38.947692Z,0.68,200,yes,02c69e54-4c2d-44c2-7c87-41bf47d5906f
KXWTAMATCH-25NOV08SABRYB-RYB,2025-11-08T17:43:38.947692Z,0.67,1579,yes,02afbf31-b638-4408-63f6-3009b63f3225
KXWTAMATCH-25NOV08SABRYB-RYB,2025-11-08T17:43:38.947692Z,0.65,200,yes,016e1bfb-3568-42b4-74db-36780a867b98
KXWTAMATCH-25NOV08SABRYB-RYB,2025-11-08T17:43:32.780159Z,0.65,10,yes,42803c62-16e9-4f74-a2b2-923330c70758
KXWTAMATCH-25NOV08SABRYB-RYB,2025-11-08T17:43:29.949971Z,0.64,552,yes,db755924-bc96-6259-dbe3-70c18cd66ed2
KXWTAMATCH-25NOV08SABRYB-RYB,2025-11-08T17:43:26.8948Z,0.64,47,yes,0a92c687-e98a-5409-c1c9-a0a563b00d42
KXWTAMATCH-25NOV08SABRYB-RYB,2025-11-08T17:43:21.66333Z,0.65,51,yes,92e9e2a2-2bc1-4618-054d-112bb43be504
KXWTAMATCH-25NOV08SABRYB-RYB,2025-11-08T17:43:21.375718Z,0.65,1000,yes,6313d73a-a5a1-7728-aaab-ef21ae50b698
KXWTAMATCH-25NOV08SABRYB-RYB,2025-11-08T17:43:20.602945Z,0.64,129,no,5cd971cb-4283-69da-d4d9-b2778c81ee38
KXWTAMATCH-25NOV08SABRYB-RYB,2025-11-08T17:43:19.10392Z,0.65,50,yes,8615f90c-c55d-7068-288e-39b9cc2f33f4
KXWTAMATCH-25NOV08SABRYB-RYB,2025-11-08T17:43:18.832201Z,0.65,10,yes,ec26590e-9fd9-56f8-15c6-1fdd594d283c
KXWTAMATCH-25NOV08SABRYB-RYB,2025-11-08T17:43:14.111748Z,0.65,23,yes,a7d98448-420d-4ab4-e79a-bd70fe21051c
KXWTAMATCH-25NOV08SABRYB-RYB,2025-11-08T17:43:12.790985Z,0.65,1,yes,19286e4c-6089-50ac-0f1f-7529935f70f0
KXWTAMATCH-25NOV08SABRYB-RYB,2025-11-08T17:43:11.751898Z,0.64,650,no,533e96aa-3cb3-767e-dee2-834210cdf72c
KXWTAMATCH-25NOV08SABRYB-RYB,2025-11-08T17:43:08.223123Z,0.64,496,yes,f0953ade-7b67-7d23-ee98-73bc0f30adc5
KXWTAMATCH-25NOV08SABRYB-RYB,2025-11-08T17:43:06.235806Z,0.64,103,yes,65b59cc6-297b-61bf-ac58-1a1fd0845c8d
KXWTAMATCH-25NOV08SABRYB-RYB,2025-11-08T17:43:06.235806Z,0.64,25,yes,659fa0dd-4148-62ee-9c2f-e7a869a2f475
KXWTAMATCH-25NOV08SABRYB-RYB,2025-11-08T17:43:05.736901Z,0.64,1875,yes,c7b8dcf1-278a-522a-285f-cc12f000c0d8
KXWTAMATCH-25NOV08SABRYB-RYB,2025-11-08T17:43:05.736901Z,0.64,325,yes,996a7633-9dc0-5782-19da-44b182792df5
KXWTAMATCH-25NOV08SABRYB-RYB,2025-11-08T17:43:05.736901Z,0.64,200,yes,8cfb6eca-0ac1-50bb-0f0e-056bae63376c
KXWTAMATCH-25NOV08SABRYB-RYB,2025-11-08T17:43:05.736901Z,0.64,100,yes,094d84b5-860b-52bd-263e-6e2bad66722a
KXWTAMATCH-25NOV08SABRYB-RYB,2025-11-08T17:43:02.057765Z,0.64,100,yes,ed83344b-bc6a-5f72-3b14-e16ded4223a4
KXWTAMATCH-25NOV08SABRYB-RYB,2025-11-08T17:43:00.579854Z,0.64,25,yes,8e94d1a1-4dc6-7042-a706-b7f14c7b85c4
KXWTAMATCH-25NOV08SABRYB-RYB,2025-11-08T17:42:54.317363Z,0.64,410,yes,fe5a1a51-a5e2-6a83-afdf-f48ec039e6ba
KXWTAMATCH-25NOV08SABRYB-RYB,2025-11-08T17:42:54.317363Z,0.64,590,yes,8be5fed6-6e5f-645b-9975-f08d0521c6c0
KXWTAMATCH-25NOV08SABRYB-RYB,2025-11-08T17:42:50.810172Z,0.64,8,yes,fb5f76a1-e363-5cb7-5a22-6c325414aecc
KXWTAMATCH-25NOV08SABRYB-RYB,2025-11-08T17:42:46.882479Z,0.64,2,yes,c3aa82d8-c7d3-4e3f-0c67-9676f45b668c
KXWTAMATCH-25NOV08SABRYB-RYB,2025-11-08T17:42:44.55691Z,0.64,250,no,4979ae1f-9cd8-5854-0c8a-d2d9e8b10a19
KXWTAMATCH-25NOV08SABRYB-RYB,2025-11-08T17:42:43.356625Z,0.65,40,yes,64e355ab-44b8-4a2a-4141-d51a6d036d3f
KXWTAMATCH-25NOV08SABRYB-RYB,2025-11-08T17:42:39.541264Z,0.67,100,yes,65dbdcae-41ef-71eb-bd16-a3dab64a0086
KXWTAMATCH-25NOV08SABRYB-RYB,2025-11-08T17:42:37.888396Z,0.67,14,yes,618ce61b-e66e-42ce-0fd0-fd8cb0a35481
KXWTAMATCH-25NOV08SABRYB-RYB,2025-11-08T17:42:36.823252Z,0.66,127,no,86d84d53-d95b-5e67-98c8-139b9cfb2bca
KXWTAMATCH-25NOV08SABRYB-RYB,2025-11-08T17:42:35.81508Z,0.67,34,yes,2b2401bb-4b96-469e-5967-acfcfcc4d1b9
KXWTAMATCH-25NOV08SABRYB-RYB,2025-11-08T17:42:33.834668Z,0.67,1500,yes,6c3ac443-1b76-5232-22e4-b4197613d4c1
KXWTAMATCH-25NOV08SABRYB-RYB,2025-11-08T17:42:33.390655Z,0.67,100,yes,4100bdca-b7ae-7f96-18c4-8c3177dea18d
KXWTAMATCH-25NOV08SABRYB-RYB,2025-11-08T17:42:32.920179Z,0.66,5,no,3fe98352-a5bb-5467-21fd-2c3cfdb59e86
KXWTAMATCH-25NOV08SABRYB-RYB,2025-11-08T17:42:32.920179Z,0.66,5,no,2de0c762-3e6a-5670-374f-8c72fee24d39
KXWTAMATCH-25NOV08SABRYB-RYB,2025-11-08T17:42:31.158301Z,0.67,18,yes,1258b810-e682-556a-f64a-28fd973ab591
KXWTAMATCH-25NOV08SABRYB-RYB,2025-11-08T17:42:30.776409Z,0.67,50,yes,98e6baba-68cc-5896-051c-20627a26cda7
KXWTAMATCH-25NOV08SABRYB-RYB,2025-11-08T17:42:30.357645Z,0.67,100,yes,56c58927-1f64-596a-b501-5b9420cc8c0b
KXWTAMATCH-25NOV08SABRYB-RYB,2025-11-08T17:42:29.870761Z,0.67,70,yes,d41eb862-5f24-7c12-7740-1fc78a12d563
KXWTAMATCH-25NOV08SABRYB-RYB,2025-11-08T17:42:29.417336Z,0.67,10,yes,532f296b-c028-610a-e0f5-a1567b4cfa9b
KXWTAMATCH-25NOV08SABRYB-RYB,2025-11-08T17:42:27.076111Z,0.67,583,yes,4c5505ab-5ac0-5de2-0565-c46fbca085fd
KXWTAMATCH-25NOV08SABRYB-RYB,2025-11-08T17:42:25.379316Z,0.67,10,yes,3773ab7e-cc5c-6656-542d-28e59cf7996d
KXWTAMATCH-25NOV08SABRYB-RYB,2025-11-08T17:42:23.600273Z,0.67,599,yes,6b29849b-2235-7582-d143-358569b0bab6
KXWTAMATCH-25NOV08SABRYB-RYB,2025-11-08T17:42:23.600273Z,0.67,100,yes,4612da68-b49d-7409-ebf2-3b42fd2d0df3
KXWTAMATCH-25NOV08SABRYB-RYB,2025-11-08T17:42:16.613839Z,0.69,5,no,827ecdf8-f63a-55c2-12f2-e727c48d0f18
KXWTAMATCH-25NOV08SABRYB-RYB,2025-11-08T17:42:15.220702Z,0.73,10,yes,4f91e1d7-0e38-72f9-4ad3-2401cf4131cb
KXWTAMATCH-25NOV08SABRYB-RYB,2025-11-08T17:42:14.203871Z,0.7,40,no,c5abd915-bc2c-5d3a-0ef6-6c364ca05971
KXWTAMATCH-25NOV08SABRYB-RYB,2025-11-08T17:42:14.203871Z,0.7,59,no,4b235450-21d0-5503-1e2c-a95ac4b7fe85
KXWTAMATCH-25NOV08SABRYB-RYB,2025-11-08T17:42:12.417954Z,0.7,10,no,44765c13-1830-57ae-d86d-71abbfe612ad
KXWTAMATCH-25NOV08SABRYB-RYB,2025-11-08T17:42:10.688484Z,0.72,283,yes,63f5b763-5aab-67a5-9c69-0662594cc6fe
KXWTAMATCH-25NOV08SABRYB-RYB,2025-11-08T17:42:07.187553Z,0.72,1,yes,85e45a24-178b-57fd-3df4-ccfa700d8cb6
KXWTAMATCH-25NOV08SABRYB-RYB,2025-11-08T17:42:05.660986Z,0.72,30,yes,c41bbf44-a6df-7749-e994-cd12b0a60a5a
KXWTAMATCH-25NOV08SABRYB-RYB,2025-11-08T17:42:04.252555Z,0.72,14,yes,9ce27447-f6f5-6376-f797-e3fa82ef14d8
KXWTAMATCH-25NOV08SABRYB-RYB,2025-11-08T17:42:04.252555Z,0.72,36,yes,2629496d-952b-61a5-d3f2-11e72a5201b2
KXWTAMATCH-25NOV08SABRYB-RYB,2025-11-08T17:42:01.823644Z,0.72,29,yes,55704d4a-bc85-402a-6431-a8e593f35e98
KXWTAMATCH-25NOV08SABRYB-RYB,2025-11-08T17:41:59.262749Z,0.72,5,yes,d99658f8-139d-5e28-a8c6-59cec97d6632
KXWTAMATCH-25NOV08SABRYB-RYB,2025-11-08T17:41:56.989004Z,0.71,13,yes,7a738c43-b027-73db-4667-1b7dfe07d223
KXWTAMATCH-25NOV08SABRYB-RYB,2025-11-08T17:41:56.18251Z,0.71,3,yes,e055b649-9227-708b-e11b-8e3e23b71163
KXWTAMATCH-25NOV08SABRYB-RYB,2025-11-08T17:41:56.18251Z,0.71,97,yes,6f65b308-7ece-79f6-e2c6-72ff243137e8
KXWTAMATCH-25NOV08SABRYB-RYB,2025-11-08T17:41:50.970938Z,0.7,5,yes,beab9acb-9b66-79a0-a9ec-0bc138cfab7d
KXWTAMATCH-25NOV08SABRYB-RYB,2025-11-08T17:41:50.970938Z,0.7,50,yes,25febb1b-bfa8-76a8-a646-20ad0e502fcc
KXWTAMATCH-25NOV08SABRYB-RYB,2025-11-08T17:41:50.970938Z,0.7,200,yes,1b2125a0-d3b1-72ac-a5e0-b4a4317b5623
KXWTAMATCH-25NOV08SABRYB-RYB,2025-11-08T17:41:50.665474Z,0.68,5,yes,b22ef3ea-00e3-507f-8f34-d63aa945f12e
KXWTAMATCH-25NOV08SABRYB-RYB,2025-11-08T17:41:50.469121Z,0.67,100,yes,bfd98e12-6db8-79c7-0ef6-34be91e31d27
KXWTAMATCH-25NOV08SABRYB-RYB,2025-11-08T17:41:48.191887Z,0.67,100,yes,8828af65-4f72-70ee-3597-beedfd922c78
KXWTAMATCH-25NOV08SABRYB-RYB,2025-11-08T17:41:47.605448Z,0.67,4,yes,cf28d045-3dba-4d9e-c00c-5e4a39bf30ec
KXWTAMATCH-25NOV08SABRYB-RYB,2025-11-08T17:41:46.837782Z,0.67,3,yes,2d4494a1-24ae-55be-c0f1-add9a849be5c
KXWTAMATCH-25NOV08SABRYB-RYB,2025-11-08T17:41:44.172427Z,0.67,100,yes,9b3617df-165a-4202-f117-f75234a9a12c
KXWTAMATCH-25NOV08SABRYB-RYB,2025-11-08T17:41:40.834229Z,0.67,572,yes,da155b7a-b35f-44c7-79ea-02b2c23cde4e
KXWTAMATCH-25NOV08SABRYB-RYB,2025-11-08T17:41:40.834229Z,0.67,5,yes,b0e2a08c-06bc-498d-7d5f-ac15a4268bdf
KXWTAMATCH-25NOV08SABRYB-RYB,2025-11-08T17:41:40.834229Z,0.67,47,yes,8d971b72-e3ed-4e76-6f5e-61452e106798
KXWTAMATCH-25NOV08SABRYB-RYB,2025-11-08T17:41:37.60923Z,0.67,3,yes,ba3f4c37-f029-46b6-7a01-bd4632f1f228
KXWTAMATCH-25NOV08SABRYB-RYB,2025-11-08T17:41:34.64888Z,0.66,14,no,05d9f978-ae3a-727e-4279-de4d251f0a1b
KXWTAMATCH-25NOV08SABRYB-RYB,2025-11-08T17:41:32.34431Z,0.67,50,yes,5cff3bee-d719-411a-2872-e59c2e950c7c
KXWTAMATCH-25NOV08SABRYB-RYB,2025-11-08T17:41:27.430688Z,0.67,100,yes,6425e32e-f56d-6a22-60f0-a302c6b9b248
KXWTAMATCH-25NOV08SABRYB-RYB,2025-11-08T17:41:26.5519Z,0.67,200,yes,f1fa170f-304b-713f-9954-a9cd6f575f60
KXWTAMATCH-25NOV08SABRYB-RYB,2025-11-08T17:41:26.5519Z,0.67,1860,yes,c6e33344-f149-718c-8c2d-fc387a5277f9
KXWTAMATCH-25NOV08SABRYB-RYB,2025-11-08T17:41:26.5519Z,0.67,599,yes,440f7031-7178-7f3d-9542-662fffdf1c5b
KXWTAMATCH-25NOV08SABRYB-RYB,2025-11-08T17:41:22.689836Z,0.67,100,yes,94529894-0f94-442f-0d71-2a130e3b1c98
KXWTAMATCH-25NOV08SABRYB-RYB,2025-11-08T17:41:22.689836Z,0.67,140,yes,63f0aa47-a7d1-4ca0-1d08-15acc57d556d
KXWTAMATCH-25NOV08SABRYB-RYB,2025-11-08T17:41:15.845093Z,0.7,5,no,dc35b4e0-12c0-561f-272e-45f7aaba9399
KXWTAMATCH-25NOV08SABRYB-RYB,2025-11-08T17:41:15.841091Z,0.72,34,no,e39eb8be-3873-77e3-4d60-31defe1b1c24
KXWTAMATCH-25NOV08SABRYB-RYB,2025-11-08T17:41:15.841091Z,0.72,34,no,9a7ee25a-262c-7484-60ab-4643003ebe10
KXWTAMATCH-25NOV08SABRYB-RYB,2025-11-08T17:41:15.841091Z,0.72,34,no,1d25d13f-c941-7644-547e-4e237ed091e9
KXWTAMATCH-25NOV08SABRYB-RYB,2025-11-08T17:41:11.314506Z,0.74,1000,yes,f9062a53-9424-60df-43df-30478df226db
KXWTAMATCH-25NOV08SABRYB-RYB,2025-11-08T17:41:00.838248Z,0.75,20,yes,dca6ff10-aa3c-6063-82d7-9b58723674f1
KXWTAMATCH-25NOV08SABRYB-RYB,2025-11-08T17:40:58.181202Z,0.74,5,yes,98cc46af-8516-54ee-412d-d3cc85a1fd97
KXWTAMATCH-25NOV08SABRYB-RYB,2025-11-08T17:40:58.181202Z,0.74,95,yes,46915989-f069-5991-58f6-99ce061bbe66
KXWTAMATCH-25NOV08SABRYB-RYB,2025-11-08T17:40:57.477057Z,0.73,100,yes,2a2dc5bc-ec63-45d5-6dfb-56b82963705a
KXWTAMATCH-25NOV08SABRYB-RYB,2025-11-08T17:40:50.460115Z,0.7,3,no,ce1fe4f2-8d03-58e4-e40a-9390704f27fe
KXWTAMATCH-25NOV08SABRYB-RYB,2025-11-08T17:40:42.677457Z,0.72,100,yes,76d0dbde-4c67-6a61-43d1-4247bfbf5438
KXWTAMATCH-25NOV08SABRYB-RYB,2025-11-08T17:40:42.063204Z,0.72,25,yes,48e5b5f3-55d3-4c75-fcad-56fc985dde8c
KXWTAMATCH-25NOV08SABRYB-RYB,2025-11-08T17:40:41.907132Z,0.72,27,yes,aecade16-d4af-6dfd-c922-4c43a5879cd0
KXWTAMATCH-25NOV08SABRYB-RYB,2025-11-08T17:40:40.519225Z,0.72,5,yes,eb0c9f35-94eb-7bc2-44e9-571f971e0a0b
KXWTAMATCH-25NOV08SABRYB-RYB,2025-11-08T17:40:40.519225Z,0.72,407,yes,0bcf70f6-cec6-7000-6b3e-efc0b062a29c
KXWTAMATCH-25NOV08SABRYB-RYB,2025-11-08T17:40:39.174912Z,0.72,100,yes,ba0c2a02-1816-7cac-9457-7b4e7b3da220
KXWTAMATCH-25NOV08SABRYB-RYB,2025-11-08T17:40:37.961092Z,0.72,100,yes,a6b79e0d-5d47-734f-9459-ab8a8a79874b
KXWTAMATCH-25NOV08SABRYB-RYB,2025-11-08T17:40:37.961092Z,0.72,92,yes,a2356567-065a-7f28-91cb-8090f4ea13c0
KXWTAMATCH-25NOV08SABRYB-RYB,2025-11-08T17:40:35.122702Z,0.72,122,yes,66d72f29-6b9d-627f-f029-4a34603484bd
KXWTAMATCH-25NOV08SABRYB-RYB,2025-11-08T17:40:31.215727Z,0.74,1,yes,9941290a-ee0e-7b41-768f-f15c16b4e28a
KXWTAMATCH-25NOV08SABRYB-RYB,2025-11-08T17:40:31.163742Z,0.74,200,yes,eb18ba14-d236-4df5-4daf-e4da5dea7106
KXWTAMATCH-25NOV08SABRYB-RYB,2025-11-08T17:40:31.150498Z,0.78,5,no,d88295c1-290b-6a3c-cde0-ba969cbd7f6a
KXWTAMATCH-25NOV08SABRYB-RYB,2025-11-08T17:40:31.150498Z,0.79,5,no,ca7d7d7b-3014-65e3-fe96-04be37369450
KXWTAMATCH-25NOV08SABRYB-RYB,2025-11-08T17:40:31.150498Z,0.79,44,no,7907f1f6-0865-6159-f6cf-500fac7a248b
KXWTAMATCH-25NOV08SABRYB-RYB,2025-11-08T17:40:30.532402Z,0.83,30,yes,2bfe4c05-15f0-61f8-925e-f6222f00bfae
KXWTAMATCH-25NOV08SABRYB-RYB,2025-11-08T17:40:29.284517Z,0.82,25,yes,f4f0ebe4-0c9c-4863-cebd-dcd6c8574b21
KXWTAMATCH-25NOV08SABRYB-RYB,2025-11-08T17:40:29.200924Z,0.82,5,yes,de0822c3-9d87-4ea5-91dc-c3b71b903802
KXWTAMATCH-25NOV08SABRYB-RYB,2025-11-08T17:40:29.200924Z,0.82,95,yes,2c96f996-6f5c-4a7b-99e7-fa0e300b8e21
KXWTAMATCH-25NOV08SABRYB-RYB,2025-11-08T17:40:25.046119Z,0.8,4,yes,5c55c672-c712-74b7-8c76-fbc39afd5bf8
KXWTAMATCH-25NOV08SABRYB-RYB,2025-11-08T17:40:23.768151Z,0.81,250,yes,126096b4-1e1a-4c1c-912b-635ca3b6e69e
KXWTAMATCH-25NOV08SABRYB-RYB,2025-11-08T17:40:22.299347Z,0.8,94,yes,c83f5065-62f0-5e01-32b5-74d2b01a4f4d
KXWTAMATCH-25NOV08SABRYB-RYB,2025-11-08T17:40:22.299347Z,0.8,2000,yes,569c8e70-6989-58c8-3fe2-f9ce873e11ce
KXWTAMATCH-25NOV08SABRYB-RYB,2025-11-08T17:40:22.299347Z,0.8,6,yes,35e0aaf7-4e2c-5a70-01a8-71c9f948a4d8
KXWTAMATCH-25NOV08SABRYB-RYB,2025-11-08T17:40:20.699635Z,0.8,94,yes,c081ec3e-5cc0-6f80-7ef1-801f9b150930
KXWTAMATCH-25NOV08SABRYB-RYB,2025-11-08T17:40:20.699635Z,0.8,6,yes,1e5420b4-9357-6c5a-6428-c99b1bf39e47
KXWTAMATCH-25NOV08SABRYB-RYB,2025-11-08T17:40:20.173551Z,0.8,50,yes,86102c91-27bb-52ca-9f91-7d01ad1a141b
KXWTAMATCH-25NOV08SABRYB-RYB,2025-11-08T17:40:15.64888Z,0.8,300,yes,8252831a-dd9f-61c6-6c4d-811a3a687c8f
KXWTAMATCH-25NOV08SABRYB-RYB,2025-11-08T17:40:12.427734Z,0.8,20,yes,66fb0ca2-a8eb-56c2-44d3-48d483ac8987
KXWTAMATCH-25NOV08SABRYB-RYB,2025-11-08T17:40:12.410434Z,0.8,80,yes,3c3c87a1-1827-63d2-e65c-973a30fa89e7
KXWTAMATCH-25NOV08SABRYB-RYB,2025-11-08T17:40:11.997552Z,0.8,15,yes,cce61b38-6433-53b6-9d74-0d96c732f727
KXWTAMATCH-25NOV08SABRYB-RYB,2025-11-08T17:40:10.105111Z,0.8,108,yes,00f44401-0927-72ae-c773-e2b0aa233597
KXWTAMATCH-25NOV08SABRYB-RYB,2025-11-08T17:40:09.759575Z,0.8,1000,yes,8ab0f3fd-38d7-418e-f0ba-54cd92899e37
KXWTAMATCH-25NOV08SABRYB-RYB,2025-11-08T17:40:09.191726Z,0.81,700,yes,f0c9d750-e5fa-662c-d49d-7dad70bff00a
KXWTAMATCH-25NOV08SABRYB-RYB,2025-11-08T17:40:08.710416Z,0.8,579,yes,a6dee3f2-8247-7076-9695-7e3a437e328a
KXWTAMATCH-25NOV08SABRYB-RYB,2025-11-08T17:40:08.710416Z,0.8,421,yes,5ac94faa-765c-7235-b014-d46e86e74e10
KXWTAMATCH-25NOV08SABRYB-RYB,2025-11-08T17:40:08.469767Z,0.8,12,yes,c3b06626-5ef0-7ae1-4b84-b8e0745e558c
KXWTAMATCH-25NOV08SABRYB-RYB,2025-11-08T17:40:07.30912Z,0.8,166,no,6411544e-6b9b-6fc0-a929-813c50659e0d
KXWTAMATCH-25NOV08SABRYB-RYB,2025-11-08T17:40:05.65518Z,0.82,81,no,d3f4a907-7cc6-76d1-62ec-02091051328e
KXWTAMATCH-25NOV08SABRYB-RYB,2025-11-08T17:40:05.65518Z,0.82,191,no,cb048198-3f7b-7636-7530-9a54cc8bddd5
KXWTAMATCH-25NOV08SABRYB-RYB,2025-11-08T17:40:05.46307Z,0.84,83,yes,cccf775f-6c9b-6042-0652-a9b609fd0351
KXWTAMATCH-25NOV08SABRYB-RYB,2025-11-08T17:40:05.46307Z,0.84,17,yes,6e7bacbc-6f1d-609b-2e86-aa187dc6abd9
KXWTAMATCH-25NOV08SABRYB-RYB,2025-11-08T17:40:05.38755Z,0.84,8,yes,93cb8645-6a9d-5deb-339a-b6e337f2da85
KXWTAMATCH-25NOV08SABRYB-RYB,2025-11-08T17:40:04.136201Z,0.84,74,yes,572bba94-c57d-77db-62ab-4d10fafc6a25
KXWTAMATCH-25NOV08SABRYB-RYB,2025-11-08T17:40:03.857702Z,0.82,557,no,ee4f4aab-8774-64af-03c5-8bcba8b55d05
KXWTAMATCH-25NOV08SABRYB-RYB,2025-11-08T17:40:03.857702Z,0.83,166,no,d4137149-0a92-6a14-2af1-c11bc3031bd6
KXWTAMATCH-25NOV08SABRYB-RYB,2025-11-08T17:40:03.64417Z,0.84,1,yes,1fd47031-725d-7afb-2edc-2615011f73d5
KXWTAMATCH-25NOV08SABRYB-RYB,2025-11-08T17:39:59.680527Z,0.83,100,no,e9cdd12c-7f4d-7e28-975a-a1d18a4179e3
KXWTAMATCH-25NOV08SABRYB-RYB,2025-11-08T17:39:56.990167Z,0.85,1,yes,f9adbe3b-c8a7-7305-d750-8d91536fe536
KXWTAMATCH-25NOV08SABRYB-RYB,2025-11-08T17:39:54.839523Z,0.85,58,yes,2b7718ff-2803-67e5-b9e1-59ac28c229a2
KXWTAMATCH-25NOV08SABRYB-RYB,2025-11-08T17:39:54.430001Z,0.85,869,yes,c9e37978-5615-756d-724e-5baf6e04c0ae
KXWTAMATCH-25NOV08SABRYB-RYB,2025-11-08T17:39:54.430001Z,0.85,877,yes,c834e5e8-4bcf-7ded-5d4f-d9fcc7b1dfd6
KXWTAMATCH-25NOV08SABRYB-RYB,2025-11-08T17:39:53.823235Z,0.85,585,yes,783c7d25-0925-6db9-c5b5-979cbb079cfe
KXWTAMATCH-25NOV08SABRYB-RYB,2025-11-08T17:39:53.796091Z,0.85,100,yes,c6df1c9e-c521-5065-e330-481b5757f176
KXWTAMATCH-25NOV08SABRYB-RYB,2025-11-08T17:39:52.35289Z,0.83,25,no,51f2d0da-85d9-5ee4-0906-2f2d280f5e33
KXWTAMATCH-25NOV08SABRYB-RYB,2025-11-08T17:39:51.415731Z,0.85,25,yes,fb4cd94b-8d6d-48bd-13c8-7e72cf0b502a
KXWTAMATCH-25NOV08SABRYB-RYB,2025-11-08T17:39:51.037866Z,0.83,200,no,f436e7c9-c06d-40cc-5bb6-58554b7c1f0b
KXWTAMATCH-25NOV08SABRYB-RYB,2025-11-08T17:39:46.805663Z,0.84,308,yes,d8e258a7-bd45-5239-48f0-0aa3dd8c00b0
KXWTAMATCH-25NOV08SABRYB-RYB,2025-11-08T17:39:46.805663Z,0.84,192,yes,8aabe42a-818e-5576-787b-b491f24421e7
KXWTAMATCH-25NOV08SABRYB-RYB,2025-11-08T17:39:46.697688Z,0.84,50,yes,6adb3b09-e46e-673e-080a-7da7ca147257
KXWTAMATCH-25NOV08SABRYB-RYB,2025-11-08T17:39:44.818453Z,0.82,500,no,25d3c27c-d747-44c8-b39a-68014ae11f50
KXWTAMATCH-25NOV08SABRYB-RYB,2025-11-08T17:39:43.121056Z,0.83,5,no,efc79de3-c83d-5951-5daa-2555a4580d03
KXWTAMATCH-25NOV08SABRYB-RYB,2025-11-08T17:39:43.121056Z,0.82,199,no,946928e6-de3a-5c86-5867-4246b9a3c69b
KXWTAMATCH-25NOV08SABRYB-RYB,2025-11-08T17:39:43.121056Z,0.82,1000,no,715fc267-0384-502b-4ef4-1d207b9951fd
KXWTAMATCH-25NOV08SABRYB-RYB,2025-11-08T17:39:43.121056Z,0.82,28,no,37946cb8-6eb4-5018-6774-916ebaaacf74
KXWTAMATCH-25NOV08SABRYB-RYB,2025-11-08T17:39:43.121056Z,0.82,5,no,1acd1e4e-e332-5947-4889-07599de20aca
KXWTAMATCH-25NOV08SABRYB-RYB,2025-11-08T17:39:42.637521Z,0.83,71,yes,ee00b3d6-4b25-61ef-fde9-34dd60f902f6
KXWTAMATCH-25NOV08SABRYB-RYB,2025-11-08T17:39:41.233711Z,0.82,100,yes,bec4812d-4427-79c1-31f5-7970ffa5896e
KXWTAMATCH-25NOV08SABRYB-RYB,2025-11-08T17:39:41.233711Z,0.82,302,yes,1e8ba77b-953d-74b3-3e80-51493c9fc8de
KXWTAMATCH-25NOV08SABRYB-RYB,2025-11-08T17:39:39.854391Z,0.82,75,yes,028515d6-1a29-7a07-18c8-c75ce4270046
KXWTAMATCH-25NOV08SABRYB-RYB,2025-11-08T17:39:39.286869Z,0.82,373,yes,909e0ece-0f31-6d73-5d9e-fb1348c693ae
KXWTAMATCH-25NOV08SABRYB-RYB,2025-11-08T17:39:39.251858Z,0.81,500,yes,b4613faa-f942-5ba7-9222-245416dc5367
KXWTAMATCH-25NOV08SABRYB-RYB,2025-11-08T17:39:39.251858Z,0.82,250,yes,908c8780-c859-5447-9e66-e6922a831012
KXWTAMATCH-25NOV08SABRYB-RYB,2025-11-08T17:39:38.070602Z,0.81,159,yes,fbe4cac8-a959-5d1b-9824-05710cca4652
KXWTAMATCH-25NOV08SABRYB-RYB,2025-11-08T17:39:38.070602Z,0.81,1000,yes,c44bbbb2-bfd2-5f18-8e89-af81a9ac7079
KXWTAMATCH-25NOV08SABRYB-RYB,2025-11-08T17:39:38.070602Z,0.8,5,yes,778ff01e-6ecc-5f1d-8038-2cd2483d4c7a
KXWTAMATCH-25NOV08SABRYB-RYB,2025-11-08T17:39:38.070602Z,0.81,5,yes,63823eaf-67fe-5978-8cdb-d1eada3c7752
KXWTAMATCH-25NOV08SABRYB-RYB,2025-11-08T17:39:38.070602Z,0.8,500,yes,037ed070-5b54-5961-ab5c-29488e833f19
KXWTAMATCH-25NOV08SABRYB-RYB,2025-11-08T17:39:38.065399Z,0.79,4,yes,6084ced0-3c4b-6741-d0b0-3732c4f9fa2e
KXWTAMATCH-25NOV08SABRYB-RYB,2025-11-08T17:39:30.63114Z,0.79,1,yes,c41ae6d6-f4fb-5129-1d15-12d60a6ac4ce
KXWTAMATCH-25NOV08SABRYB-RYB,2025-11-08T17:39:28.364013Z,0.79,5,yes,dfb95003-0fb6-7976-71ca-3906b52d5eef
KXWTAMATCH-25NOV08SABRYB-RYB,2025-11-08T17:39:28.364013Z,0.79,959,yes,6a1d658e-969c-7656-4370-65305c76399d
KXWTAMATCH-25NOV08SABRYB-RYB,2025-11-08T17:39:28.364013Z,0.77,1,yes,47204f5a-3f6b-7b45-7b5c-57479c414d55
KXWTAMATCH-25NOV08SABRYB-RYB,2025-11-08T17:39:28.364013Z,0.79,35,yes,3c3e5917-7599-7626-7aa1-bfb3c15011d9
KXWTAMATCH-25NOV08SABRYB-RYB,2025-11-08T17:39:25.563981Z,0.79,15,yes,dbe9e541-b131-6ce6-1c6c-87a1a95fb1c9
KXWTAMATCH-25NOV08SABRYB-RYB,2025-11-08T17:39:23.332573Z,0.77,1479,no,e3157be6-d486-72e1-69cd-f663970da5b8
KXWTAMATCH-25NOV08SABRYB-RYB,2025-11-08T17:39:22.845869Z,0.78,100,yes,460e4de7-5c0a-43f2-916c-c58f15b1714d
KXWTAMATCH-25NOV08SABRYB-RYB,2025-11-08T17:39:21.21851Z,0.77,100,no,ef695d05-dda2-4595-f4ce-ea32e447975c
KXWTAMATCH-25NOV08SABRYB-RYB,2025-11-08T17:39:19.915393Z,0.78,10,yes,b5522836-046a-76d6-3cc5-524e8cfdcb55
KXWTAMATCH-25NOV08SABRYB-RYB,2025-11-08T17:39:16.796157Z,0.78,47,yes,f90a5786-9751-5fbd-e125-e08863ee1e83
KXWTAMATCH-25NOV08SABRYB-RYB,2025-11-08T17:39:16.01837Z,0.78,152,yes,f67fa090-e06b-5463-c63c-e9fd2c8d8ec4
KXWTAMATCH-25NOV08SABRYB-RYB,2025-11-08T17:39:14.324749Z,0.76,3,yes,78817c11-4455-6a78-d98c-98655a4927bf
KXWTAMATCH-25NOV08SABRYB-RYB,2025-11-08T17:39:14.077538Z,0.78,100,yes,3dd4c0f7-4210-5070-0c33-1272bc5d8298
KXWTAMATCH-25NOV08SABRYB-RYB,2025-11-08T17:39:13.732126Z,0.78,45,yes,e752d71e-3584-4ed4-6066-8f1b12ecb33c
KXWTAMATCH-25NOV08SABRYB-RYB,2025-11-08T17:39:13.732126Z,0.78,5,yes,3ad03a28-6b6c-407f-781f-fe3f7a1841ee
KXWTAMATCH-25NOV08SABRYB-RYB,2025-11-08T17:39:06.246534Z,0.75,206,no,e07936b9-012f-5930-bed4-ee8567cff8e9
KXWTAMATCH-25NOV08SABRYB-RYB,2025-11-08T17:39:04.011647Z,0.76,1600,yes,70e3cc95-84e6-7507-5eb4-7f54902bd420
KXWTAMATCH-25NOV08SABRYB-RYB,2025-11-08T17:39:04.011647Z,0.76,587,yes,69d9f5fe-3526-765d-6d22-f6307289b79d
KXWTAMATCH-25NOV08SABRYB-RYB,2025-11-08T17:39:02.983006Z,0.76,300,yes,41529882-02ae-403f-aaed-3f3ce491d474
KXWTAMATCH-25NOV08SABRYB-RYB,2025-11-08T17:39:00.588401Z,0.76,100,yes,88a78b9b-d3e6-72a7-6778-c8da8c4e2794
KXWTAMATCH-25NOV08SABRYB-RYB,2025-11-08T17:38:57.925642Z,0.76,100,yes,fded8b9f-a806-74bb-86ca-efb3d3eb2417
KXWTAMATCH-25NOV08SABRYB-RYB,2025-11-08T17:38:57.547537Z,0.75,50,no,e419f642-e838-51bd-61de-0eaa0704f720
KXWTAMATCH-25NOV08SABRYB-RYB,2025-11-08T17:38:57.547537Z,0.75,1461,no,5b825e71-5780-5ddc-5761-02845d58f6bb
KXWTAMATCH-25NOV08SABRYB-RYB,2025-11-08T17:38:53.270569Z,0.78,200,yes,ee8020ea-8295-6084-d29b-6331ee123955
KXWTAMATCH-25NOV08SABRYB-RYB,2025-11-08T17:38:53.270569Z,0.78,2000,yes,d773c014-8aea-6ffd-e5df-b9dac793c698
KXWTAMATCH-25NOV08SABRYB-RYB,2025-11-08T17:38:53.270569Z,0.78,350,yes,7c1c2177-9848-642b-ffb9-8ab8d627ea28
KXWTAMATCH-25NOV08SABRYB-RYB,2025-11-08T17:38:53.270569Z,0.79,1010,yes,5f0b2c11-dc31-601c-e29f-fb2d1749efdf
KXWTAMATCH-25NOV08SABRYB-RYB,2025-11-08T17:38:53.270569Z,0.78,1440,yes,45af628b-c1bc-6a78-d529-da8e3e15a0a0
KXWTAMATCH-25NOV08SABRYB-RYB,2025-11-08T17:38:52.992886Z,0.78,1,yes,ed66a4db-b964-4898-9d75-4f62deaebc34
KXWTAMATCH-25NOV08SABRYB-RYB,2025-11-08T17:38:52.519394Z,0.78,599,yes,bb89a732-3568-49db-10b2-64b9e9156104
KXWTAMATCH-25NOV08SABRYB-RYB,2025-11-08T17:38:52.519394Z,0.78,599,yes,baf4c0f2-9ef6-4c03-2cba-9e5ad37f1ad9
KXWTAMATCH-25NOV08SABRYB-RYB,2025-11-08T17:38:52.519394Z,0.78,20,yes,af7dc152-ba88-472c-367c-592dbc431360
KXWTAMATCH-25NOV08SABRYB-RYB,2025-11-08T17:38:51.547562Z,0.81,200,yes,744c21cd-db52-6ce4-3b18-73144a9c19c8
KXWTAMATCH-25NOV08SABRYB-RYB,2025-11-08T17:38:51.547562Z,0.81,350,yes,5e4cec6d-9e58-6945-054f-2db3f05b58b0
KXWTAMATCH-25NOV08SABRYB-RYB,2025-11-08T17:38:51.547562Z,0.81,295,yes,5258b2c1-2b96-6579-3414-55ddc6681ae9
KXWTAMATCH-25NOV08SABRYB-RYB,2025-11-08T17:38:50.326108Z,0.8,5,no,4f181f3c-eee4-7e56-a448-73313e33f347
KXWTAMATCH-25NOV08SABRYB-RYB,2025-11-08T17:38:45.987828Z,0.83,2,yes,669952e6-b633-536c-c9a8-b11e78b8e27e
KXWTAMATCH-25NOV08SABRYB-RYB,2025-11-08T17:38:45.965105Z,0.83,100,yes,48e81a29-7773-603c-1efd-23ff8dc01ee9
KXWTAMATCH-25NOV08SABRYB-RYB,2025-11-08T17:38:44.367142Z,0.83,220,yes,9594e014-70d8-542a-243a-9e86460ddbe8
KXWTAMATCH-25NOV08SABRYB-RYB,2025-11-08T17:38:44.044456Z,0.82,50,no,166d45d5-54ad-739e-61cf-887d6120fba7
KXWTAMATCH-25NOV08SABRYB-RYB,2025-11-08T17:38:43.28151Z,0.83,2,yes,1d60e926-6d24-7e42-b700-7229084919fc
KXWTAMATCH-25NOV08SABRYB-RYB,2025-11-08T17:38:40.036815Z,0.82,711,no,c96b567b-0bc0-516f-44db-7c8b23f00c9b
KXWTAMATCH-25NOV08SABRYB-RYB,2025-11-08T17:38:39.509319Z,0.82,1,no,8d78103d-cdf4-7d1b-1b22-fefd6ffc203b
KXWTAMATCH-25NOV08SABRYB-RYB,2025-11-08T17:38:39.039251Z,0.82,5,yes,ef0c4c88-9a8e-5943-551a-edf5d000aad0
KXWTAMATCH-25NOV08SABRYB-RYB,2025-11-08T17:38:39.039251Z,0.81,146,yes,88967f38-481e-540d-579e-dd53c1f61bfa
KXWTAMATCH-25NOV08SABRYB-RYB,2025-11-08T17:38:39.039251Z,0.83,89,yes,3a4895ea-12e4-536e-7022-d02b46b357f8
KXWTAMATCH-25NOV08SABRYB-RYB,2025-11-08T17:38:39.039251Z,0.82,50,yes,39f21646-99e6-54c8-76a6-3265191c3fec
KXWTAMATCH-25NOV08SABRYB-RYB,2025-11-08T17:38:39.039251Z,0.83,5,yes,1de3c27b-6376-50a7-4c1c-04ad5c4c4d78
KXWTAMATCH-25NOV08SABRYB-RYB,2025-11-08T17:38:34.780267Z,0.81,100,yes,01a807d5-2115-7722-f7ef-014f8f08cf4d
KXWTAMATCH-25NOV08SABRYB-RYB,2025-11-08T17:38:32.079996Z,0.79,221,yes,22e14062-5641-5f81-133f-8f3b67f5fdaa
KXWTAMATCH-25NOV08SABRYB-RYB,2025-11-08T17:38:32.079996Z,0.79,500,yes,221fc127-a58a-5654-3645-5bf8de673365
KXWTAMATCH-25NOV08SABRYB-RYB,2025-11-08T17:38:31.268097Z,0.81,36,yes,5d6e8b6f-a6a1-6fbd-3585-1fa14e8ac682
KXWTAMATCH-25NOV08SABRYB-RYB,2025-11-08T17:38:31.216455Z,0.81,1,yes,97ccecfa-a899-5119-458c-76b3aa2b2f1a
KXWTAMATCH-25NOV08SABRYB-RYB,2025-11-08T17:38:28.493243Z,0.81,350,yes,aaed03b4-7420-6444-4d0e-72162a027ff1
KXWTAMATCH-25NOV08SABRYB-RYB,2025-11-08T17:38:28.493243Z,0.81,868,yes,a71717a2-b341-6355-6992-754d017a4832
KXWTAMATCH-25NOV08SABRYB-RYB,2025-11-08T17:38:28.414601Z,0.77,713,no,f2bd4dca-a8e7-6b67-846a-ccbfb88c039d
KXWTAMATCH-25NOV08SABRYB-RYB,2025-11-08T17:38:28.414601Z,0.78,50,no,e5ef0b7b-78e8-683d-aa34-c344ad025fe7
KXWTAMATCH-25NOV08SABRYB-RYB,2025-11-08T17:38:28.414601Z,0.77,157,no,83460fb7-67e6-6647-afb0-264927a35b6a
KXWTAMATCH-25NOV08SABRYB-RYB,2025-11-08T17:38:26.774707Z,0.8,199,yes,cded4fa2-8dd1-518c-0d6c-8400bd93f388
KXWTAMATCH-25NOV08SABRYB-RYB,2025-11-08T17:38:26.774707Z,0.8,350,yes,7ce73637-3e0a-5eb7-1a24-504b2efc31da
KXWTAMATCH-25NOV08SABRYB-RYB,2025-11-08T17:38:26.774707Z,0.8,200,yes,60184c9c-9906-58fe-3c37-fb0b69af5192
KXWTAMATCH-25NOV08SABRYB-RYB,2025-11-08T17:38:23.815201Z,0.79,534,yes,b91a41c7-497e-6f28-b8e2-c67dbf4a0cf8
KXWTAMATCH-25NOV08SABRYB-RYB,2025-11-08T17:38:21.226466Z,0.79,480,yes,ec7760ba-3d0f-44f5-270f-c3513416f974
KXWTAMATCH-25NOV08SABRYB-RYB,2025-11-08T17:38:21.226466Z,0.79,50,yes,11cc1975-6af7-4200-2968-34814548cde1
KXWTAMATCH-25NOV08SABRYB-RYB,2025-11-08T17:38:18.359035Z,0.77,5,no,787eb570-b2da-679d-fc20-9345e2cbfaa4
KXWTAMATCH-25NOV08SABRYB-RYB,2025-11-08T17:38:17.546097Z,0.79,149,yes,f8199c63-973e-6530-8700-9ac6f6d935ca
KXWTAMATCH-25NOV08SABRYB-RYB,2025-11-08T17:38:17.546097Z,0.79,2,yes,b7665c9d-aa2c-611e-b5c5-580a8ffcf7f2
KXWTAMATCH-25NOV08SABRYB-RYB,2025-11-08T17:38:17.546097Z,0.79,99,yes,76d2fede-47d3-6e99-9117-af0b2484ac30
KXWTAMATCH-25NOV08SABRYB-RYB,2025-11-08T17:38:17.455248Z,0.79,599,yes,3bec3487-8a94-7b81-6327-3ddbd9aec014
KXWTAMATCH-25NOV08SABRYB-RYB,2025-11-08T17:38:17.455248Z,0.79,51,yes,316bfddf-3756-7778-6e0d-e7419d311036
KXWTAMATCH-25NOV08SABRYB-RYB,2025-11-08T17:38:17.455248Z,0.79,350,yes,12e93223-d2da-7038-5919-191e2e05cd71
KXWTAMATCH-25NOV08SABRYB-RYB,2025-11-08T17:38:12.097277Z,0.78,300,yes,44653dea-5d88-70d8-5584-af90051dc0c5
KXWTAMATCH-25NOV08SABRYB-RYB,2025-11-08T17:38:12.097277Z,0.78,100,yes,1ec6eb98-726c-7667-65df-c730431fe810
KXWTAMATCH-25NOV08SABRYB-RYB,2025-11-08T17:38:08.478052Z,0.76,95,yes,4c325208-0b50-6f9b-3237-703d161d73fb
KXWTAMATCH-25NOV08SABRYB-RYB,2025-11-08T17:38:08.478052Z,0.76,155,yes,12e0dd2e-9f66-644b-0095-565b5cedb92a
KXWTAMATCH-25NOV08SABRYB-RYB,2025-11-08T17:38:00.379377Z,0.74,5,no,f017aac7-6f09-7bde-fd33-bf7fdcfd2f11
KXWTAMATCH-25NOV08SABRYB-RYB,2025-11-08T17:37:59.812972Z,0.74,200,no,c0b1f5e1-8ce1-5cce-317f-9d3341bf1ac1
KXWTAMATCH-25NOV08SABRYB-RYB,2025-11-08T17:37:58.477271Z,0.75,100,yes,dbd52b90-d8c7-496d-56fb-f67c87d9a7e2
KXWTAMATCH-25NOV08SABRYB-RYB,2025-11-08T17:37:58.477271Z,0.76,287,yes,c3cf6cfc-937c-40b4-6921-6ff742e14b96
KXWTAMATCH-25NOV08SABRYB-RYB,2025-11-08T17:37:58.477271Z,0.75,82,yes,5e7b9ea8-4671-4fa5-5a8f-af9d51c9ee86
KXWTAMATCH-25NOV08SABRYB-RYB,2025-11-08T17:37:58.477271Z,0.75,50,yes,3201e9d1-4c13-408c-7a22-237926ed9eb9
KXWTAMATCH-25NOV08SABRYB-RYB,2025-11-08T17:37:57.12009Z,0.75,49,yes,75ad7286-3bb9-71a9-c407-08f4e4576e3e
KXWTAMATCH-25NOV08SABRYB-RYB,2025-11-08T17:37:54.321697Z,0.75,5,yes,b984dc55-42d1-61e2-8182-f1c86c2e17e9
KXWTAMATCH-25NOV08SABRYB-RYB,2025-11-08T17:37:54.321697Z,0.75,25,yes,aff1e01d-f15d-636d-85e6-9b82612f7fea
KXWTAMATCH-25NOV08SABRYB-RYB,2025-11-08T17:37:51.801857Z,0.74,73,no,556bd0c6-3b35-6c02-a05e-4f7d1e64d581
KXWTAMATCH-25NOV08SABRYB-RYB,2025-11-08T17:37:47.512871Z,0.72,1000,yes,36c10815-237d-6b31-c574-ed4d2084d259
KXWTAMATCH-25NOV08SABRYB-RYB,2025-11-08T17:37:44.792763Z,0.74,178,yes,c49d117c-40b5-4303-bff6-41856147433f
KXWTAMATCH-25NOV08SABRYB-RYB,2025-11-08T17:37:44.792763Z,0.74,50,yes,7100eb23-d439-498f-81f1-fba1d5f1fe13
KXWTAMATCH-25NOV08SABRYB-RYB,2025-11-08T17:37:30.667765Z,0.74,21,yes,fa759d04-d375-7907-1d68-e5337387bf2f
KXWTAMATCH-25NOV08SABRYB-RYB,2025-11-08T17:37:30.667765Z,0.74,5,yes,4496e5f5-e3a3-78a4-033e-91a8131c570e
KXWTAMATCH-25NOV08SABRYB-RYB,2025-11-08T17:37:27.042517Z,0.73,100,yes,a631dc0d-3fce-5984-16ac-850f8a450413
KXWTAMATCH-25NOV08SABRYB-RYB,2025-11-08T17:37:19.729715Z,0.72,5,yes,d4850308-cd80-5df1-d029-593b5fa20da1
KXWTAMATCH-25NOV08SABRYB-RYB,2025-11-08T17:37:18.988519Z,0.7,50,yes,95f3fc9a-5aba-5a62-f3a7-4a1e416a1abe
KXWTAMATCH-25NOV08SABRYB-RYB,2025-11-08T17:37:18.988519Z,0.7,500,yes,8aa09236-f85f-5862-cd6e-71b53e886efb
KXWTAMATCH-25NOV08SABRYB-RYB,2025-11-08T17:37:17.091938Z,0.68,100,yes,87337c86-05d7-56ce-7ea8-edd36ee8d662
KXWTAMATCH-25NOV08SABRYB-RYB,2025-11-08T17:37:12.628184Z,0.68,23,yes,57e554de-6317-586c-6658-1726dd6302b6
